<?xml version="1.0" encoding="UTF-8"?>
<!DOCTYPE html PUBLIC "-//W3C//DTD XHTML 1.0 Transitional//EN"
    "http://www.w3.org/TR/xhtml1/DTD/xhtml1-transitional.dtd">
<html xmlns="http://www.w3.org/1999/xhtml" xml:lang="en" lang="en">
 <head>
  <title>
</title>
<meta http-equiv="Content-Type" content="text/html;charset=utf-8" />
  <meta name='ocr-system' content='tesseract 3.04.00' />
  <meta name='ocr-capabilities' content='ocr_page ocr_carea ocr_par ocr_line ocrx_word'/>
</head>
<body>
  <div class='ocr_page' id='page_1' title='image "./eclogaecurtianae00curtuoft_0014.png"; bbox 0 0 1721 3200; ppageno 0'>
   <div class='ocr_carea' id='block_1_1' title="bbox 74 123 1158 184">
    <p class='ocr_par' dir='ltr' id='par_1_1' title="bbox 74 123 1158 184">
     <span class='ocr_line' id='line_1_1' title="bbox 74 123 1158 184; baseline 0 -10"><span class='ocrx_word' id='word_1_1' title='bbox 74 128 102 174; x_wconf 76' lang='lat'>6</span> <span class='ocrx_word' id='word_1_2' title='bbox 442 125 684 184; x_wconf 80' lang='lat' dir='ltr'>QUINTI</span> <span class='ocrx_word' id='word_1_3' title='bbox 721 123 959 174; x_wconf 86' lang='lat' dir='ltr'>cUR&#39;rll</span> <span class='ocrx_word' id='word_1_4' title='bbox 993 123 1158 175; x_wconf 88' lang='lat' dir='ltr'><strong>RUFI</strong></span> 
     </span>
    </p>
   </div>
   <div class='ocr_carea' id='block_1_2' title="bbox 143 260 1634 320">
    <p class='ocr_par' dir='ltr' id='par_1_2' title="bbox 143 260 1634 320">
     <span class='ocr_line' id='line_1_2' title="bbox 143 260 1634 320; baseline 0.001 -10"><span class='ocrx_word' id='word_1_5' title='bbox 143 264 226 311; x_wconf 89' lang='lat' dir='ltr'>1V.</span> <span class='ocrx_word' id='word_1_6' title='bbox 264 264 308 309; x_wconf 81' lang='lat'>2.</span> <span class='ocrx_word' id='word_1_7' title='bbox 349 263 414 310; x_wconf 85' lang='lat' dir='ltr'>At</span> <span class='ocrx_word' id='word_1_8' title='bbox 449 262 637 318; x_wconf 77' lang='lat' dir='ltr'>DariuS,</span> <span class='ocrx_word' id='word_1_9' title='bbox 663 262 885 309; x_wconf 87' lang='lat' dir='ltr'>nunciata</span> <span class='ocrx_word' id='word_1_10' title='bbox 918 261 1181 309; x_wconf 90' lang='lat' dir='ltr'>Memnonis</span> <span class='ocrx_word' id='word_1_11' title='bbox 1215 268 1379 320; x_wconf 84' lang='lat' dir='ltr'>morte,</span> <span class='ocrx_word' id='word_1_12' title='bbox 1413 260 1538 312; x_wconf 83' lang='lat' dir='ltr'>haud</span> <span class='ocrx_word' id='word_1_13' title='bbox 1628 280 1634 294; x_wconf 76' lang='lat'><em>⁴</em></span> 
     </span>
    </p>
   </div>
   <div class='ocr_carea' id='block_1_3' title="bbox 68 328 1562 3022">
    <p class='ocr_par' dir='ltr' id='par_1_3' title="bbox 68 328 1562 2418">
     <span class='ocr_line' id='line_1_3' title="bbox 78 328 1543 392; baseline 0.001 -13"><span class='ocrx_word' id='word_1_14' title='bbox 78 348 208 379; x_wconf 85' lang='lat' dir='ltr'>secus</span> <span class='ocrx_word' id='word_1_15' title='bbox 233 346 370 392; x_wconf 90' lang='lat' dir='ltr'>quam</span> <span class='ocrx_word' id='word_1_16' title='bbox 394 346 477 392; x_wconf 87' lang='lat' dir='ltr'>par</span> <span class='ocrx_word' id='word_1_17' title='bbox 501 336 602 377; x_wconf 86' lang='lat' dir='ltr'>erat</span> <span class='ocrx_word' id='word_1_18' title='bbox 625 335 794 386; x_wconf 84' lang='lat' dir='ltr'>motus,</span> <span class='ocrx_word' id='word_1_19' title='bbox 820 329 988 376; x_wconf 81' lang='lat' dir='ltr'>omissa</span> <span class='ocrx_word' id='word_1_20' title='bbox 1013 329 1139 376; x_wconf 92' lang='lat' dir='ltr'>omni</span> <span class='ocrx_word' id='word_1_21' title='bbox 1153 328 1244 376; x_wconf 87' lang='lat' dir='ltr'>alia</span> <span class='ocrx_word' id='word_1_22' title='bbox 1258 345 1353 392; x_wconf 89' lang='lat' dir='ltr'>spe,</span> <span class='ocrx_word' id='word_1_23' title='bbox 1378 333 1543 380; x_wconf 80' lang='lat' dir='ltr'><strong>statuit</strong></span> 
     </span>
     <span class='ocr_line' id='line_1_4' title="bbox 71 397 1544 462; baseline 0 -16"><span class='ocrx_word' id='word_1_24' title='bbox 71 402 176 462; x_wconf 88' lang='lat' dir='ltr'>ipse</span> <span class='ocrx_word' id='word_1_25' title='bbox 209 398 458 444; x_wconf 80' lang='lat' dir='ltr'>decernere</span> <span class='ocrx_word' id='word_1_26' title='bbox 477 413 488 452; x_wconf 80' lang='lat'><em>3</em></span> <span class='ocrx_word' id='word_1_27' title='bbox 525 397 710 460; x_wconf 88' lang='lat' dir='ltr'>quippe,</span> <span class='ocrx_word' id='word_1_28' title='bbox 747 412 865 459; x_wconf 89' lang='lat' dir='ltr'>quae</span> <span class='ocrx_word' id='word_1_29' title='bbox 885 412 969 459; x_wconf 88' lang='lat' dir='ltr'>per</span> <span class='ocrx_word' id='word_1_30' title='bbox 991 397 1131 443; x_wconf 91' lang='lat' dir='ltr'>duces</span> <span class='ocrx_word' id='word_1_31' title='bbox 1155 412 1262 444; x_wconf 86' lang='lat' dir='ltr'>suos</span> <span class='ocrx_word' id='word_1_32' title='bbox 1285 402 1389 445; x_wconf 87' lang='lat' dir='ltr'>acta</span> <span class='ocrx_word' id='word_1_33' title='bbox 1410 409 1544 447; x_wconf 81' lang='lat' dir='ltr'>erant</span> 
     </span>
     <span class='ocr_line' id='line_1_5' title="bbox 76 463 1547 526; baseline -0.001 -12"><span class='ocrx_word' id='word_1_34' title='bbox 76 473 242 514; x_wconf 87' lang='lat' dir='ltr'>cuncta</span> <span class='ocrx_word' id='word_1_35' title='bbox 261 465 525 521; x_wconf 88' lang='lat' dir='ltr'>damnabat,</span> <span class='ocrx_word' id='word_1_36' title='bbox 546 471 675 512; x_wconf 84' lang='lat' dir='ltr'>ratus</span> <span class='ocrx_word' id='word_1_37' title='bbox 693 465 903 526; x_wconf 86' lang='lat' dir='ltr'>pluribus</span> <span class='ocrx_word' id='word_1_38' title='bbox 922 480 1093 522; x_wconf 86' lang='lat' dir='ltr'>curam,</span> <span class='ocrx_word' id='word_1_39' title='bbox 1114 463 1329 511; x_wconf 90' lang='lat' dir='ltr'>omnibus</span> <span class='ocrx_word' id='word_1_40' title='bbox 1345 465 1547 514; x_wconf 81' lang='lat' dir='ltr'>abfuisse</span> 
     </span>
     <span class='ocr_line' id='line_1_6' title="bbox 75 531 1546 596; baseline -0.001 -15"><span class='ocrx_word' id='word_1_41' title='bbox 75 536 328 582; x_wconf 82' lang='lat' dir='ltr'>fortunam.</span> <span class='ocrx_word' id='word_1_42' title='bbox 435 532 589 594; x_wconf 83' lang='lat' dir='ltr'>Igitur</span> <span class='ocrx_word' id='word_1_43' title='bbox 622 533 783 579; x_wconf 88' lang='lat' dir='ltr'>castris</span> <span class='ocrx_word' id='word_1_44' title='bbox 818 531 879 578; x_wconf 90' lang='lat' dir='ltr'>ad</span> <span class='ocrx_word' id='word_1_45' title='bbox 913 531 1203 594; x_wconf 84' lang='lat' dir='ltr'>Babylonem</span> <span class='ocrx_word' id='word_1_46' title='bbox 1236 531 1414 595; x_wconf 89' lang='lat' dir='ltr'>positis,</span> <span class='ocrx_word' id='word_1_47' title='bbox 1450 549 1546 596; x_wconf 93' lang='lat' dir='ltr'>quo</span> 
     </span>
     <span class='ocr_line' id='line_1_7' title="bbox 75 599 1544 664; baseline -0.001 -15"><span class='ocrx_word' id='word_1_48' title='bbox 75 601 249 664; x_wconf 88' lang='lat' dir='ltr'>majore</span> <span class='ocrx_word' id='word_1_49' title='bbox 293 601 447 647; x_wconf 88' lang='lat' dir='ltr'>animo</span> <span class='ocrx_word' id='word_1_50' title='bbox 493 607 784 662; x_wconf 78' lang='lat' dir='ltr'>capesserent</span> <span class='ocrx_word' id='word_1_51' title='bbox 820 599 1008 655; x_wconf 86' lang='lat' dir='ltr'>bellum,</span> <span class='ocrx_word' id='word_1_52' title='bbox 1056 600 1295 647; x_wconf 86' lang='lat' dir='ltr'>universas</span> <span class='ocrx_word' id='word_1_53' title='bbox 1339 600 1462 648; x_wconf 89' lang='lat' dir='ltr'>vires</span> <span class='ocrx_word' id='word_1_54' title='bbox 1494 602 1544 648; x_wconf 88' lang='lat' dir='ltr'>in</span> 
     </span>
     <span class='ocr_line' id='line_1_8' title="bbox 73 667 1544 732; baseline 0 -16"><span class='ocrx_word' id='word_1_55' title='bbox 73 675 372 732; x_wconf 85' lang='lat' dir='ltr'>conspectum</span> <span class='ocrx_word' id='word_1_56' title='bbox 397 668 528 716; x_wconf 82' lang='lat' dir='ltr'>dedit</span> <span class='ocrx_word' id='word_1_57' title='bbox 552 685 563 724; x_wconf 91' lang='lat'>;</span> <span class='ocrx_word' id='word_1_58' title='bbox 601 675 648 715; x_wconf 82' lang='lat' dir='ltr'>et</span> <span class='ocrx_word' id='word_1_59' title='bbox 671 667 957 714; x_wconf 85' lang='lat' dir='ltr'>circumdato</span> <span class='ocrx_word' id='word_1_60' title='bbox 975 667 1095 713; x_wconf 89' lang='lat' dir='ltr'>vallo</span> <span class='ocrx_word' id='word_1_61' title='bbox 1114 667 1241 728; x_wconf 91' lang='lat' dir='ltr'>quod</span> <span class='ocrx_word' id='word_1_62' title='bbox 1262 667 1422 715; x_wconf 90' lang='lat' dir='ltr'>decem</span> <span class='ocrx_word' id='word_1_63' title='bbox 1439 669 1544 716; x_wconf 88' lang='lat' dir='ltr'>mil-</span> 
     </span>
     <span class='ocr_line' id='line_1_9' title="bbox 74 733 1546 799; baseline 0 -16"><span class='ocrx_word' id='word_1_64' title='bbox 74 738 190 783; x_wconf 87' lang='lat' dir='ltr'>lium</span> <span class='ocrx_word' id='word_1_65' title='bbox 214 743 495 783; x_wconf 84' lang='lat' dir='ltr'>armatorum</span> <span class='ocrx_word' id='word_1_66' title='bbox 530 735 879 783; x_wconf 83' lang='lat' dir='ltr'>multitudinem</span> <span class='ocrx_word' id='word_1_67' title='bbox 904 742 1104 796; x_wconf 85' lang='lat' dir='ltr'>caperet,</span> <span class='ocrx_word' id='word_1_68' title='bbox 1126 733 1295 782; x_wconf 83' lang='lat' dir='ltr'>Xerxis</span> <span class='ocrx_word' id='word_1_69' title='bbox 1330 737 1546 799; x_wconf 87' lang='lat' dir='ltr'>exemplo</span> 
     </span>
     <span class='ocr_line' id='line_1_10' title="bbox 75 801 1543 865; baseline -0.001 -13"><span class='ocrx_word' id='word_1_70' title='bbox 75 820 319 852; x_wconf 87' lang='lat' dir='ltr'>numerum</span> <span class='ocrx_word' id='word_1_71' title='bbox 344 803 580 865; x_wconf 87' lang='lat' dir='ltr'>copiarum</span> <span class='ocrx_word' id='word_1_72' title='bbox 616 802 736 848; x_wconf 89' lang='lat' dir='ltr'>iniit.</span> <span class='ocrx_word' id='word_1_73' title='bbox 785 801 906 849; x_wconf 89' lang='lat' dir='ltr'>Orto</span> <span class='ocrx_word' id='word_1_74' title='bbox 932 802 1027 849; x_wconf 91' lang='lat' dir='ltr'>sole</span> <span class='ocrx_word' id='word_1_75' title='bbox 1050 803 1111 849; x_wconf 90' lang='lat' dir='ltr'>ad</span> <span class='ocrx_word' id='word_1_76' title='bbox 1133 808 1319 851; x_wconf 89' lang='lat' dir='ltr'>noctem</span> <span class='ocrx_word' id='word_1_77' title='bbox 1342 803 1543 865; x_wconf 81' lang='lat' dir='ltr'>agmina,</span> 
     </span>
     <span class='ocr_line' id='line_1_11' title="bbox 77 869 1549 933; baseline 0 -15"><span class='ocrx_word' id='word_1_78' title='bbox 77 874 196 920; x_wconf 86' lang='lat' dir='ltr'>sicut</span> <span class='ocrx_word' id='word_1_79' title='bbox 219 872 451 933; x_wconf 87' lang='lat' dir='ltr'>descripta</span> <span class='ocrx_word' id='word_1_80' title='bbox 475 882 623 927; x_wconf 87' lang='lat' dir='ltr'>erant,</span> <span class='ocrx_word' id='word_1_81' title='bbox 659 870 892 919; x_wconf 83' lang='lat' dir='ltr'>intravere</span> <span class='ocrx_word' id='word_1_82' title='bbox 916 869 1088 916; x_wconf 87' lang='lat' dir='ltr'>vallum</span> <span class='ocrx_word' id='word_1_83' title='bbox 1112 887 1122 918; x_wconf 91' lang='lat'>:</span> <span class='ocrx_word' id='word_1_84' title='bbox 1158 870 1271 918; x_wconf 90' lang='lat' dir='ltr'>inde</span> <span class='ocrx_word' id='word_1_85' title='bbox 1293 886 1549 933; x_wconf 86' lang='lat' dir='ltr'>occupave-</span> 
     </span>
     <span class='ocr_line' id='line_1_12' title="bbox 69 937 1545 1001; baseline 0 -14"><span class='ocrx_word' id='word_1_86' title='bbox 69 946 182 987; x_wconf 88' lang='lat' dir='ltr'>runt</span> <span class='ocrx_word' id='word_1_87' title='bbox 217 939 382 986; x_wconf 88' lang='lat' dir='ltr'>emissa</span> <span class='ocrx_word' id='word_1_88' title='bbox 401 937 766 1000; x_wconf 84' lang='lat' dir='ltr'>Mesopotamiae</span> <span class='ocrx_word' id='word_1_89' title='bbox 803 953 1026 999; x_wconf 89' lang='lat' dir='ltr'>campos,</span> <span class='ocrx_word' id='word_1_90' title='bbox 1016 955 1024 963; x_wconf 91' lang='lat'>·</span> <span class='ocrx_word' id='word_1_91' title='bbox 1063 939 1275 1000; x_wconf 82' lang='lat' dir='ltr'>equitum</span> <span class='ocrx_word' id='word_1_92' title='bbox 1308 938 1545 1001; x_wconf 89' lang='lat' dir='ltr'>peditum-</span> 
     </span>
     <span class='ocr_line' id='line_1_13' title="bbox 68 1005 1547 1070; baseline -0.001 -15"><span class='ocrx_word' id='word_1_93' title='bbox 68 1024 157 1070; x_wconf 88' lang='lat' dir='ltr'>que</span> <span class='ocrx_word' id='word_1_94' title='bbox 193 1006 530 1070; x_wconf 86' lang='lat' dir='ltr'>propemodum</span> <span class='ocrx_word' id='word_1_95' title='bbox 564 1005 916 1052; x_wconf 87' lang='lat' dir='ltr'>innumerabilis</span> <span class='ocrx_word' id='word_1_96' title='bbox 948 1006 1104 1062; x_wconf 83' lang='lat' dir='ltr'>turba,</span> <span class='ocrx_word' id='word_1_97' title='bbox 1138 1005 1363 1068; x_wconf 86' lang='lat' dir='ltr'>majorem</span> <span class='ocrx_word' id='word_1_98' title='bbox 1406 1023 1547 1069; x_wconf 87' lang='lat' dir='ltr'>quam</span> 
     </span>
     <span class='ocr_line' id='line_1_14' title="bbox 74 1072 1549 1136; baseline 0.001 -15"><span class='ocrx_word' id='word_1_99' title='bbox 74 1091 157 1136; x_wconf 87' lang='lat' dir='ltr'>pro</span> <span class='ocrx_word' id='word_1_100' title='bbox 191 1089 386 1121; x_wconf 88' lang='lat' dir='ltr'>numero</span> <span class='ocrx_word' id='word_1_101' title='bbox 421 1074 619 1127; x_wconf 80' lang='lat' dir='ltr'>speciem</span> <span class='ocrx_word' id='word_1_102' title='bbox 653 1089 837 1134; x_wconf 87' lang='lat' dir='ltr'>gerens</span> <span class='ocrx_word' id='word_1_103' title='bbox 908 1072 1156 1119; x_wconf 85' lang='lat' dir='ltr'>Persarum</span> <span class='ocrx_word' id='word_1_104' title='bbox 1191 1080 1326 1122; x_wconf 88' lang='lat' dir='ltr'>erant</span> <span class='ocrx_word' id='word_1_105' title='bbox 1359 1082 1549 1122; x_wconf 88' lang='lat' dir='ltr'>centum</span> 
     </span>
     <span class='ocr_line' id='line_1_15' title="bbox 73 1140 1550 1203; baseline -0.001 -14"><span class='ocrx_word' id='word_1_106' title='bbox 73 1143 232 1200; x_wconf 85' lang='lat' dir='ltr'>millia,</span> <span class='ocrx_word' id='word_1_107' title='bbox 280 1143 329 1188; x_wconf 91' lang='lat' dir='ltr'>in</span> <span class='ocrx_word' id='word_1_108' title='bbox 370 1142 500 1203; x_wconf 87' lang='lat' dir='ltr'>queis</span> <span class='ocrx_word' id='word_1_109' title='bbox 532 1155 671 1202; x_wconf 81' lang='lat' dir='ltr'>eques</span> <span class='ocrx_word' id='word_1_110' title='bbox 703 1140 901 1201; x_wconf 85' lang='lat' dir='ltr'>triginta</span> <span class='ocrx_word' id='word_1_111' title='bbox 932 1140 1076 1186; x_wconf 90' lang='lat' dir='ltr'>millia</span> <span class='ocrx_word' id='word_1_112' title='bbox 1110 1140 1349 1203; x_wconf 90' lang='lat' dir='ltr'>implebat.</span> <span class='ocrx_word' id='word_1_113' title='bbox 1421 1141 1550 1189; x_wconf 89' lang='lat' dir='ltr'>Medi</span> 
     </span>
     <span class='ocr_line' id='line_1_16' title="bbox 76 1207 1546 1272; baseline 0 -15"><span class='ocrx_word' id='word_1_114' title='bbox 76 1212 236 1257; x_wconf 84' lang='lat' dir='ltr'>decem</span> <span class='ocrx_word' id='word_1_115' title='bbox 259 1210 485 1272; x_wconf 87' lang='lat' dir='ltr'>equitum,</span> <span class='ocrx_word' id='word_1_116' title='bbox 523 1208 863 1270; x_wconf 84' lang='lat' dir='ltr'>quinquaginta</span> <span class='ocrx_word' id='word_1_117' title='bbox 883 1207 1028 1254; x_wconf 91' lang='lat' dir='ltr'>millia</span> <span class='ocrx_word' id='word_1_118' title='bbox 1048 1208 1262 1270; x_wconf 89' lang='lat' dir='ltr'>peditum</span> <span class='ocrx_word' id='word_1_119' title='bbox 1293 1209 1546 1257; x_wconf 87' lang='lat' dir='ltr'>habebant.</span> 
     </span>
     <span class='ocr_line' id='line_1_17' title="bbox 76 1275 1550 1340; baseline -0.001 -15"><span class='ocrx_word' id='word_1_120' title='bbox 76 1278 390 1325; x_wconf 86' lang='lat' dir='ltr'>Barcanorum</span> <span class='ocrx_word' id='word_1_121' title='bbox 416 1276 625 1338; x_wconf 86' lang='lat' dir='ltr'>equitum</span> <span class='ocrx_word' id='word_1_122' title='bbox 661 1276 755 1322; x_wconf 90' lang='lat' dir='ltr'>duo</span> <span class='ocrx_word' id='word_1_123' title='bbox 789 1275 935 1322; x_wconf 89' lang='lat' dir='ltr'>millia</span> <span class='ocrx_word' id='word_1_124' title='bbox 966 1275 1108 1332; x_wconf 84' lang='lat' dir='ltr'>fuere,</span> <span class='ocrx_word' id='word_1_125' title='bbox 1145 1277 1312 1325; x_wconf 86' lang='lat' dir='ltr'>armati</span> <span class='ocrx_word' id='word_1_126' title='bbox 1334 1277 1550 1340; x_wconf 90' lang='lat' dir='ltr'>bipenni-</span> 
     </span>
     <span class='ocr_line' id='line_1_18' title="bbox 76 1343 1550 1406; baseline -0.001 -14"><span class='ocrx_word' id='word_1_127' title='bbox 76 1348 179 1403; x_wconf 89' lang='lat' dir='ltr'>bus,</span> <span class='ocrx_word' id='word_1_128' title='bbox 203 1345 476 1406; x_wconf 71' lang='lat' dir='ltr'>lew&#39;busque</span> <span class='ocrx_word' id='word_1_129' title='bbox 500 1344 641 1390; x_wconf 88' lang='lat' dir='ltr'>scutis</span> <span class='ocrx_word' id='word_1_130' title='bbox 677 1350 830 1390; x_wconf 90' lang='lat' dir='ltr'>cetrae</span> <span class='ocrx_word' id='word_1_131' title='bbox 852 1343 1052 1390; x_wconf 82' lang='lat' dir='ltr'>maxime</span> <span class='ocrx_word' id='word_1_132' title='bbox 1087 1344 1286 1406; x_wconf 89' lang='lat' dir='ltr'>speciem</span> <span class='ocrx_word' id='word_1_133' title='bbox 1309 1345 1550 1392; x_wconf 89' lang='lat' dir='ltr'>reddenti-</span> 
     </span>
     <span class='ocr_line' id='line_1_19' title="bbox 78 1410 1548 1475; baseline 0.001 -17"><span class='ocrx_word' id='word_1_134' title='bbox 78 1416 194 1468; x_wconf 89' lang='lat' dir='ltr'>bus;</span> <span class='ocrx_word' id='word_1_135' title='bbox 230 1412 442 1475; x_wconf 91' lang='lat' dir='ltr'>peditum</span> <span class='ocrx_word' id='word_1_136' title='bbox 488 1411 650 1458; x_wconf 88' lang='lat' dir='ltr'>decem</span> <span class='ocrx_word' id='word_1_137' title='bbox 694 1411 839 1457; x_wconf 89' lang='lat' dir='ltr'>millia</span> <span class='ocrx_word' id='word_1_138' title='bbox 872 1410 974 1472; x_wconf 87' lang='lat' dir='ltr'>pari</span> <span class='ocrx_word' id='word_1_139' title='bbox 1007 1418 1184 1459; x_wconf 81' lang='lat' dir='ltr'>armatu</span> <span class='ocrx_word' id='word_1_140' title='bbox 1219 1413 1548 1473; x_wconf 85' lang='lat' dir='ltr'>sequebantur.</span> 
     </span>
     <span class='ocr_line' id='line_1_20' title="bbox 83 1478 1554 1541; baseline -0.001 -13"><span class='ocrx_word' id='word_1_141' title='bbox 83 1480 291 1528; x_wconf 87' lang='lat' dir='ltr'>Armenii</span> <span class='ocrx_word' id='word_1_142' title='bbox 325 1479 637 1541; x_wconf 88' lang='lat' dir='ltr'>quadraginta</span> <span class='ocrx_word' id='word_1_143' title='bbox 675 1479 819 1524; x_wconf 88' lang='lat' dir='ltr'>millia</span> <span class='ocrx_word' id='word_1_144' title='bbox 862 1478 1084 1526; x_wconf 82' lang='lat' dir='ltr'>miserant</span> <span class='ocrx_word' id='word_1_145' title='bbox 1116 1479 1341 1541; x_wconf 87' lang='lat' dir='ltr'>peditum,</span> <span class='ocrx_word' id='word_1_146' title='bbox 1380 1479 1554 1527; x_wconf 85' lang='lat' dir='ltr'>additis</span> 
     </span>
     <span class='ocr_line' id='line_1_21' title="bbox 80 1544 1552 1611; baseline -0.001 -17"><span class='ocrx_word' id='word_1_147' title='bbox 80 1555 258 1611; x_wconf 87' lang='lat' dir='ltr'>septem</span> <span class='ocrx_word' id='word_1_148' title='bbox 302 1547 506 1593; x_wconf 88' lang='lat' dir='ltr'>millibus</span> <span class='ocrx_word' id='word_1_149' title='bbox 548 1546 771 1608; x_wconf 85' lang='lat' dir='ltr'>equitum.</span> <span class='ocrx_word' id='word_1_150' title='bbox 844 1544 1072 1608; x_wconf 82' lang='lat' dir='ltr'>Hyrcani,</span> <span class='ocrx_word' id='word_1_151' title='bbox 1108 1547 1302 1608; x_wconf 85' lang='lat' dir='ltr'>egregii,</span> <span class='ocrx_word' id='word_1_152' title='bbox 1338 1553 1394 1595; x_wconf 89' lang='lat' dir='ltr'>ut</span> <span class='ocrx_word' id='word_1_153' title='bbox 1427 1547 1552 1594; x_wconf 86' lang='lat' dir='ltr'>inter</span> 
     </span>
     <span class='ocr_line' id='line_1_22' title="bbox 80 1612 1552 1677; baseline -0.002 -16"><span class='ocrx_word' id='word_1_154' title='bbox 80 1616 182 1662; x_wconf 83' lang='lat' dir='ltr'>illas</span> <span class='ocrx_word' id='word_1_155' title='bbox 227 1621 407 1677; x_wconf 80' lang='lat' dir='ltr'>genteS,</span> <span class='ocrx_word' id='word_1_156' title='bbox 445 1631 526 1661; x_wconf 88' lang='lat' dir='ltr'>sex</span> <span class='ocrx_word' id='word_1_157' title='bbox 572 1613 718 1659; x_wconf 89' lang='lat' dir='ltr'>millia</span> <span class='ocrx_word' id='word_1_158' title='bbox 758 1612 1058 1676; x_wconf 80' lang='lat' dir='ltr'>expleverant</span> <span class='ocrx_word' id='word_1_159' title='bbox 1105 1614 1236 1675; x_wconf 89' lang='lat' dir='ltr'>equis</span> <span class='ocrx_word' id='word_1_160' title='bbox 1274 1614 1552 1662; x_wconf 84' lang='lat' dir='ltr'>militatura.</span> 
     </span>
     <span class='ocr_line' id='line_1_23' title="bbox 82 1680 1554 1744; baseline -0.001 -14"><span class='ocrx_word' id='word_1_161' title='bbox 82 1683 308 1730; x_wconf 88' lang='lat' dir='ltr'>Derbices</span> <span class='ocrx_word' id='word_1_162' title='bbox 332 1682 646 1744; x_wconf 81' lang='lat' dir='ltr'>quadraginta</span> <span class='ocrx_word' id='word_1_163' title='bbox 667 1680 812 1726; x_wconf 89' lang='lat' dir='ltr'>millia</span> <span class='ocrx_word' id='word_1_164' title='bbox 845 1680 1057 1742; x_wconf 87' lang='lat' dir='ltr'>peditum</span> <span class='ocrx_word' id='word_1_165' title='bbox 1089 1688 1414 1737; x_wconf 80' lang='lat' dir='ltr'>armaverant3</span> <span class='ocrx_word' id='word_1_166' title='bbox 1449 1681 1554 1744; x_wconf 84' lang='lat' dir='ltr'>plu-</span> 
     </span>
     <span class='ocr_line' id='line_1_24' title="bbox 81 1748 1555 1811; baseline -0.003 -13"><span class='ocrx_word' id='word_1_167' title='bbox 81 1752 209 1798; x_wconf 84' lang='lat' dir='ltr'>ribus</span> <span class='ocrx_word' id='word_1_168' title='bbox 233 1766 339 1797; x_wconf 89' lang='lat' dir='ltr'>aere</span> <span class='ocrx_word' id='word_1_169' title='bbox 374 1757 456 1797; x_wconf 86' lang='lat' dir='ltr'>aut</span> <span class='ocrx_word' id='word_1_170' title='bbox 490 1750 614 1796; x_wconf 86' lang='lat' dir='ltr'>ferro</span> <span class='ocrx_word' id='word_1_171' title='bbox 648 1749 881 1811; x_wconf 88' lang='lat' dir='ltr'>preafixae</span> <span class='ocrx_word' id='word_1_172' title='bbox 913 1748 1109 1804; x_wconf 83' lang='lat' dir='ltr'>hastae3</span> <span class='ocrx_word' id='word_1_173' title='bbox 1148 1748 1337 1809; x_wconf 90' lang='lat' dir='ltr'>quidam</span> <span class='ocrx_word' id='word_1_174' title='bbox 1370 1748 1555 1810; x_wconf 88' lang='lat' dir='ltr'>lignum</span> 
     </span>
     <span class='ocr_line' id='line_1_25' title="bbox 80 1815 1558 1879; baseline -0.001 -15"><span class='ocrx_word' id='word_1_175' title='bbox 80 1821 184 1879; x_wconf 84' lang='lat' dir='ltr'>igne</span> <span class='ocrx_word' id='word_1_176' title='bbox 218 1818 537 1864; x_wconf 85' lang='lat' dir='ltr'>duraverant:</span> <span class='ocrx_word' id='word_1_177' title='bbox 583 1817 668 1863; x_wconf 88' lang='lat' dir='ltr'>hos</span> <span class='ocrx_word' id='word_1_178' title='bbox 708 1831 893 1878; x_wconf 88' lang='lat' dir='ltr'>quoque</span> <span class='ocrx_word' id='word_1_179' title='bbox 937 1815 1032 1861; x_wconf 89' lang='lat' dir='ltr'>duo</span> <span class='ocrx_word' id='word_1_180' title='bbox 1078 1815 1222 1862; x_wconf 90' lang='lat' dir='ltr'>millia</span> <span class='ocrx_word' id='word_1_181' title='bbox 1255 1816 1467 1878; x_wconf 88' lang='lat' dir='ltr'>equitum</span> <span class='ocrx_word' id='word_1_182' title='bbox 1500 1831 1558 1862; x_wconf 81' lang='lat' dir='ltr'>ex</span> 
     </span>
     <span class='ocr_line' id='line_1_26' title="bbox 79 1881 1558 1945; baseline -0.001 -13"><span class='ocrx_word' id='word_1_183' title='bbox 79 1886 241 1932; x_wconf 87' lang='lat' dir='ltr'>eadem</span> <span class='ocrx_word' id='word_1_184' title='bbox 263 1894 399 1945; x_wconf 86' lang='lat' dir='ltr'>gente</span> <span class='ocrx_word' id='word_1_185' title='bbox 423 1884 644 1932; x_wconf 87' lang='lat' dir='ltr'>comitata</span> <span class='ocrx_word' id='word_1_186' title='bbox 659 1890 786 1930; x_wconf 86' lang='lat' dir='ltr'>sunt.</span> <span class='ocrx_word' id='word_1_187' title='bbox 855 1883 900 1928; x_wconf 93' lang='lat' dir='ltr'><strong>A</strong></span> <span class='ocrx_word' id='word_1_188' title='bbox 922 1881 1091 1944; x_wconf 86' lang='lat' dir='ltr'>Caspio</span> <span class='ocrx_word' id='word_1_189' title='bbox 1105 1883 1223 1929; x_wconf 88' lang='lat' dir='ltr'>mari</span> <span class='ocrx_word' id='word_1_190' title='bbox 1241 1892 1348 1931; x_wconf 91' lang='lat' dir='ltr'>octo</span> <span class='ocrx_word' id='word_1_191' title='bbox 1358 1883 1558 1930; x_wconf 86' lang='lat' dir='ltr'>millium</span> 
     </span>
     <span class='ocr_line' id='line_1_27' title="bbox 81 1950 1559 2017; baseline -0.003 -17"><span class='ocrx_word' id='word_1_192' title='bbox 81 1953 298 2017; x_wconf 89' lang='lat' dir='ltr'>pedester</span> <span class='ocrx_word' id='word_1_193' title='bbox 333 1952 564 2000; x_wconf 87' lang='lat' dir='ltr'>exercitus</span> <span class='ocrx_word' id='word_1_194' title='bbox 599 1958 805 2007; x_wconf 87' lang='lat' dir='ltr'>venerat,</span> <span class='ocrx_word' id='word_1_195' title='bbox 841 1950 1032 1997; x_wconf 87' lang='lat' dir='ltr'>ducenti</span> <span class='ocrx_word' id='word_1_196' title='bbox 1065 1950 1263 2012; x_wconf 88' lang='lat' dir='ltr'>equites.</span> <span class='ocrx_word' id='word_1_197' title='bbox 1332 1950 1455 1998; x_wconf 89' lang='lat' dir='ltr'>Cum</span> <span class='ocrx_word' id='word_1_198' title='bbox 1486 1950 1559 1996; x_wconf 86' lang='lat' dir='ltr'>his</span> 
     </span>
     <span class='ocr_line' id='line_1_28' title="bbox 83 2017 1557 2081; baseline -0.001 -13"><span class='ocrx_word' id='word_1_199' title='bbox 83 2027 218 2068; x_wconf 83' lang='lat' dir='ltr'>erant</span> <span class='ocrx_word' id='word_1_200' title='bbox 239 2020 470 2081; x_wconf 80' lang='lat' dir='ltr'>ignobiles</span> <span class='ocrx_word' id='word_1_201' title='bbox 506 2019 622 2066; x_wconf 84' lang='lat' dir='ltr'>aliae</span> <span class='ocrx_word' id='word_1_202' title='bbox 656 2025 821 2080; x_wconf 81' lang='lat' dir='ltr'>gentes</span> <span class='ocrx_word' id='word_1_203' title='bbox 856 2017 950 2064; x_wconf 91' lang='lat' dir='ltr'>duo</span> <span class='ocrx_word' id='word_1_204' title='bbox 985 2017 1130 2064; x_wconf 91' lang='lat' dir='ltr'>millia</span> <span class='ocrx_word' id='word_1_205' title='bbox 1162 2018 1390 2080; x_wconf 90' lang='lat' dir='ltr'>peditum,</span> <span class='ocrx_word' id='word_1_206' title='bbox 1427 2018 1557 2080; x_wconf 91' lang='lat' dir='ltr'>equi-</span> 
     </span>
     <span class='ocr_line' id='line_1_29' title="bbox 87 2084 1562 2149; baseline -0.003 -13"><span class='ocrx_word' id='word_1_207' title='bbox 87 2100 191 2136; x_wconf 82' lang='lat' dir='ltr'>tum</span> <span class='ocrx_word' id='word_1_208' title='bbox 214 2087 448 2149; x_wconf 90' lang='lat' dir='ltr'>duplicem</span> <span class='ocrx_word' id='word_1_209' title='bbox 462 2090 740 2149; x_wconf 84' lang='lat' dir='ltr'>paraverant</span> <span class='ocrx_word' id='word_1_210' title='bbox 756 2101 1017 2132; x_wconf 90' lang='lat' dir='ltr'>numerum.</span> <span class='ocrx_word' id='word_1_211' title='bbox 1088 2084 1180 2132; x_wconf 88' lang='lat' dir='ltr'>His</span> <span class='ocrx_word' id='word_1_212' title='bbox 1198 2086 1342 2149; x_wconf 90' lang='lat' dir='ltr'>copiis</span> <span class='ocrx_word' id='word_1_213' title='bbox 1359 2085 1562 2148; x_wconf 86' lang='lat' dir='ltr'>triginta</span> 
     </span>
     <span class='ocr_line' id='line_1_30' title="bbox 85 2152 1559 2217; baseline -0.001 -15"><span class='ocrx_word' id='word_1_214' title='bbox 85 2155 230 2202; x_wconf 89' lang='lat' dir='ltr'>millia</span> <span class='ocrx_word' id='word_1_215' title='bbox 254 2155 555 2212; x_wconf 82' lang='lat' dir='ltr'>Graecorum,</span> <span class='ocrx_word' id='word_1_216' title='bbox 593 2153 806 2200; x_wconf 88' lang='lat' dir='ltr'>mercede</span> <span class='ocrx_word' id='word_1_217' title='bbox 829 2153 1074 2210; x_wconf 88' lang='lat' dir='ltr'>conducta,</span> <span class='ocrx_word' id='word_1_218' title='bbox 1100 2154 1317 2215; x_wconf 85' lang='lat' dir='ltr'>egregiae</span> <span class='ocrx_word' id='word_1_219' title='bbox 1337 2152 1559 2217; x_wconf 81' lang='lat' dir='ltr'>juventu-</span> 
     </span>
     <span class='ocr_line' id='line_1_31' title="bbox 83 2219 1557 2285; baseline -0.005 -14"><span class='ocrx_word' id='word_1_220' title='bbox 83 2225 158 2280; x_wconf 86' lang='lat' dir='ltr'>tis,</span> <span class='ocrx_word' id='word_1_221' title='bbox 179 2222 364 2285; x_wconf 90' lang='lat' dir='ltr'>adjecta</span> <span class='ocrx_word' id='word_1_222' title='bbox 387 2229 511 2270; x_wconf 89' lang='lat' dir='ltr'>sunt.</span> <span class='ocrx_word' id='word_1_223' title='bbox 559 2222 682 2268; x_wconf 87' lang='lat' dir='ltr'>Nam</span> <span class='ocrx_word' id='word_1_224' title='bbox 698 2220 974 2268; x_wconf 84' lang='lat' dir='ltr'>Bactrianos</span> <span class='ocrx_word' id='word_1_225' title='bbox 999 2228 1045 2267; x_wconf 92' lang='lat' dir='ltr'>et</span> <span class='ocrx_word' id='word_1_226' title='bbox 1070 2220 1332 2283; x_wconf 85' lang='lat' dir='ltr'>Sogdianos</span> <span class='ocrx_word' id='word_1_227' title='bbox 1349 2225 1398 2268; x_wconf 90' lang='lat' dir='ltr'>et</span> <span class='ocrx_word' id='word_1_228' title='bbox 1413 2219 1557 2266; x_wconf 87' lang='lat' dir='ltr'>Indos</span> 
     </span>
     <span class='ocr_line' id='line_1_32' title="bbox 83 2287 1554 2352; baseline -0.005 -14"><span class='ocrx_word' id='word_1_229' title='bbox 83 2297 355 2352; x_wconf 88' lang='lat' dir='ltr'>ceterosque</span> <span class='ocrx_word' id='word_1_230' title='bbox 379 2290 533 2336; x_wconf 86' lang='lat' dir='ltr'>Rubri</span> <span class='ocrx_word' id='word_1_231' title='bbox 557 2289 701 2336; x_wconf 85' lang='lat' dir='ltr'>Maris</span> <span class='ocrx_word' id='word_1_232' title='bbox 736 2288 927 2344; x_wconf 88' lang='lat' dir='ltr'>accolas,</span> <span class='ocrx_word' id='word_1_233' title='bbox 952 2288 1110 2348; x_wconf 86' lang='lat' dir='ltr'>ignota</span> <span class='ocrx_word' id='word_1_234' title='bbox 1144 2288 1284 2337; x_wconf 90' lang='lat' dir='ltr'>etiam</span> <span class='ocrx_word' id='word_1_235' title='bbox 1316 2287 1405 2350; x_wconf 87' lang='lat' dir='ltr'>ipsi</span> <span class='ocrx_word' id='word_1_236' title='bbox 1438 2300 1554 2347; x_wconf 89' lang='lat' dir='ltr'>gen·</span> 
     </span>
     <span class='ocr_line' id='line_1_33' title="bbox 86 2356 1167 2418; baseline -0.001 -14"><span class='ocrx_word' id='word_1_237' title='bbox 86 2359 205 2404; x_wconf 82' lang='lat' dir='ltr'>tium</span> <span class='ocrx_word' id='word_1_238' title='bbox 228 2359 431 2413; x_wconf 90' lang='lat' dir='ltr'>nomina,</span> <span class='ocrx_word' id='word_1_239' title='bbox 456 2356 693 2404; x_wconf 85' lang='lat' dir='ltr'>festinatio</span> <span class='ocrx_word' id='word_1_240' title='bbox 715 2356 992 2418; x_wconf 86' lang='lat' dir='ltr'>prohibebat</span> <span class='ocrx_word' id='word_1_241' title='bbox 1014 2356 1167 2403; x_wconf 88' lang='lat' dir='ltr'>acciri.</span> 
     </span>
    </p>

    <p class='ocr_par' dir='ltr' id='par_1_4' title="bbox 89 2419 1559 3022">
     <span class='ocr_line' id='line_1_34' title="bbox 156 2419 1555 2487; baseline -0.004 -17"><span class='ocrx_word' id='word_1_242' title='bbox 156 2424 214 2471; x_wconf 93' lang='lat' dir='ltr'>V.</span> <span class='ocrx_word' id='word_1_243' title='bbox 249 2425 352 2472; x_wconf 89' lang='lat' dir='ltr'>Nec</span> <span class='ocrx_word' id='word_1_244' title='bbox 376 2425 623 2487; x_wconf 88' lang='lat' dir='ltr'>quicquam</span> <span class='ocrx_word' id='word_1_245' title='bbox 646 2423 716 2470; x_wconf 89' lang='lat' dir='ltr'>illi</span> <span class='ocrx_word' id='word_1_246' title='bbox 737 2422 890 2470; x_wconf 90' lang='lat' dir='ltr'>minus</span> <span class='ocrx_word' id='word_1_247' title='bbox 914 2439 1054 2486; x_wconf 88' lang='lat' dir='ltr'>quam</span> <span class='ocrx_word' id='word_1_248' title='bbox 1075 2422 1330 2471; x_wconf 70' lang='lat' dir='ltr'>multitudo</span> <span class='ocrx_word' id='word_1_249' title='bbox 1343 2419 1555 2468; x_wconf 81' lang='lat' dir='ltr'>militum</span> 
     </span>
     <span class='ocr_line' id='line_1_35' title="bbox 89 2487 1554 2553; baseline -0.004 -15"><span class='ocrx_word' id='word_1_250' title='bbox 89 2491 237 2539; x_wconf 88' lang='lat' dir='ltr'>defuit</span> <span class='ocrx_word' id='word_1_251' title='bbox 252 2506 268 2537; x_wconf 77' lang='grc'>.-</span> <span class='ocrx_word' id='word_1_252' title='bbox 304 2492 434 2553; x_wconf 85' lang='lat' dir='ltr'>cujus</span> <span class='ocrx_word' id='word_1_253' title='bbox 458 2498 559 2540; x_wconf 87' lang='lat' dir='ltr'>tum</span> <span class='ocrx_word' id='word_1_254' title='bbox 582 2491 824 2538; x_wconf 87' lang='lat' dir='ltr'>universae</span> <span class='ocrx_word' id='word_1_255' title='bbox 857 2490 1081 2553; x_wconf 85' lang='lat' dir='ltr'>adspectu</span> <span class='ocrx_word' id='word_1_256' title='bbox 1103 2490 1353 2537; x_wconf 91' lang='lat' dir='ltr'>admodum</span> <span class='ocrx_word' id='word_1_257' title='bbox 1386 2487 1554 2544; x_wconf 86' lang='lat' dir='ltr'>laetus,</span> 
     </span>
     <span class='ocr_line' id='line_1_36' title="bbox 90 2557 1555 2621; baseline -0.004 -15"><span class='ocrx_word' id='word_1_258' title='bbox 90 2559 360 2621; x_wconf 86' lang='lat' dir='ltr'>purpuratis</span> <span class='ocrx_word' id='word_1_259' title='bbox 383 2560 518 2607; x_wconf 85' lang='lat' dir='ltr'>solita</span> <span class='ocrx_word' id='word_1_260' title='bbox 540 2558 747 2607; x_wconf 84' lang='lat' dir='ltr'>vanitate</span> <span class='ocrx_word' id='word_1_261' title='bbox 782 2574 910 2621; x_wconf 89' lang='lat' dir='ltr'>spem</span> <span class='ocrx_word' id='word_1_262' title='bbox 931 2558 1032 2620; x_wconf 88' lang='lat' dir='ltr'>ejus</span> <span class='ocrx_word' id='word_1_263' title='bbox 1053 2557 1338 2612; x_wconf 86' lang='lat' dir='ltr'>inflantibus,</span> <span class='ocrx_word' id='word_1_264' title='bbox 1362 2569 1555 2601; x_wconf 87' lang='lat' dir='ltr'>conver·</span> 
     </span>
     <span class='ocr_line' id='line_1_37' title="bbox 92 2621 1557 2685; baseline -0.004 -11"><span class='ocrx_word' id='word_1_265' title='bbox 92 2643 169 2674; x_wconf 87' lang='lat' dir='ltr'>sus</span> <span class='ocrx_word' id='word_1_266' title='bbox 192 2626 254 2672; x_wconf 91' lang='lat' dir='ltr'>ad</span> <span class='ocrx_word' id='word_1_267' title='bbox 279 2626 607 2673; x_wconf 85' lang='lat' dir='ltr'>Charidemum</span> <span class='ocrx_word' id='word_1_268' title='bbox 641 2626 991 2682; x_wconf 86' lang='lat' dir='ltr'>Atheniensem,</span> <span class='ocrx_word' id='word_1_269' title='bbox 1025 2624 1136 2671; x_wconf 87' lang='lat' dir='ltr'>belli</span> <span class='ocrx_word' id='word_1_270' title='bbox 1158 2623 1361 2685; x_wconf 81' lang='lat' dir='ltr'>peritum</span> <span class='ocrx_word' id='word_1_271' title='bbox 1395 2627 1458 2679; x_wconf 87' lang='lat' dir='ltr'>et,</span> <span class='ocrx_word' id='word_1_272' title='bbox 1495 2621 1557 2668; x_wconf 90' lang='lat' dir='ltr'>ob</span> 
     </span>
     <span class='ocr_line' id='line_1_38' title="bbox 95 2661 1557 2770; baseline -0.003 -29"><span class='ocrx_word' id='word_1_273' title='bbox 95 2693 298 2749; x_wconf 86' lang='lat' dir='ltr'>exilium,</span> <span class='ocrx_word' id='word_1_274' title='bbox 322 2692 543 2740; x_wconf 86' lang='lat' dir='ltr'>infestum</span> <span class='ocrx_word' id='word_1_275' title='bbox 575 2693 864 2749; x_wconf 85' lang='lat' dir='ltr'>Alexandro,</span> <span class='ocrx_word' id='word_1_276' title='bbox 889 2661 1090 2770; x_wconf 87' lang='lat' dir='ltr'>(quippe</span> <span class='ocrx_word' id='word_1_277' title='bbox 1110 2689 1324 2747; x_wconf 86' lang='lat' dir='ltr'>Athenis,</span> <span class='ocrx_word' id='word_1_278' title='bbox 1353 2687 1557 2751; x_wconf 89' lang='lat' dir='ltr'>jubento</span> 
     </span>
     <span class='ocr_line' id='line_1_39' title="bbox 96 2755 1556 2824; baseline -0.003 -15"><span class='ocrx_word' id='word_1_279' title='bbox 96 2778 166 2820; x_wconf 88' lang='lat' dir='ltr'>eo,</span> <span class='ocrx_word' id='word_1_280' title='bbox 189 2760 342 2808; x_wconf 87' lang='lat' dir='ltr'>fuerat</span> <span class='ocrx_word' id='word_1_281' title='bbox 365 2759 603 2824; x_wconf 85' lang='lat' dir='ltr'>expulsus)</span> <span class='ocrx_word' id='word_1_282' title='bbox 639 2760 902 2823; x_wconf 86' lang='lat' dir='ltr'>percontari</span> <span class='ocrx_word' id='word_1_283' title='bbox 924 2757 1091 2820; x_wconf 88' lang='lat' dir='ltr'>coepit,</span> <span class='ocrx_word' id='word_1_284' title='bbox 1117 2756 1289 2805; x_wconf 83' lang='lat' dir='ltr'>satisne</span> <span class='ocrx_word' id='word_1_285' title='bbox 1310 2755 1353 2804; x_wconf 93' lang='lat' dir='ltr'>ei</span> <span class='ocrx_word' id='word_1_286' title='bbox 1375 2756 1556 2804; x_wconf 88' lang='lat' dir='ltr'>videre·-</span> 
     </span>
     <span class='ocr_line' id='line_1_40' title="bbox 95 2823 1558 2877; baseline -0.003 0"><span class='ocrx_word' id='word_1_287' title='bbox 95 2836 174 2877; x_wconf 84' lang='lat' dir='ltr'>tur</span> <span class='ocrx_word' id='word_1_288' title='bbox 196 2828 453 2875; x_wconf 85' lang='lat' dir='ltr'>instructus</span> <span class='ocrx_word' id='word_1_289' title='bbox 476 2826 537 2872; x_wconf 81' lang='lat' dir='ltr'>ad</span> <span class='ocrx_word' id='word_1_290' title='bbox 570 2827 879 2875; x_wconf 89' lang='lat' dir='ltr'>obterendum</span> <span class='ocrx_word' id='word_1_291' title='bbox 907 2825 1103 2872; x_wconf 89' lang='lat' dir='ltr'>hostem.</span> <span class='ocrx_word' id='word_1_292' title='bbox 1173 2824 1242 2872; x_wconf 92' lang='lat' dir='ltr'>At</span> <span class='ocrx_word' id='word_1_293' title='bbox 1263 2823 1343 2870; x_wconf 91' lang='lat' dir='ltr'>ille</span> <span class='ocrx_word' id='word_1_294' title='bbox 1365 2829 1415 2872; x_wconf 83' lang='lat' dir='ltr'>et</span> <span class='ocrx_word' id='word_1_295' title='bbox 1446 2840 1558 2872; x_wconf 79' lang='lat' dir='ltr'>suae</span> 
     </span>
     <span class='ocr_line' id='line_1_41' title="bbox 97 2889 1558 2956; baseline -0.002 -13"><span class='ocrx_word' id='word_1_296' title='bbox 97 2896 234 2944; x_wconf 83' lang='lat' dir='ltr'>sortis</span> <span class='ocrx_word' id='word_1_297' title='bbox 255 2901 306 2943; x_wconf 85' lang='lat' dir='ltr'>et</span> <span class='ocrx_word' id='word_1_298' title='bbox 326 2894 482 2956; x_wconf 87' lang='lat' dir='ltr'>regiae</span> <span class='ocrx_word' id='word_1_299' title='bbox 505 2894 747 2956; x_wconf 87' lang='lat' dir='ltr'>superbiae</span> <span class='ocrx_word' id='word_1_300' title='bbox 779 2893 986 2948; x_wconf 50' lang='lat' dir='ltr'>oblitum</span> <span class='ocrx_word' id='word_1_301' title='bbox 1025 2889 1266 2949; x_wconf 83' lang='lat' dir='ltr'>‘,Verum&#39;</span> <span class='ocrx_word' id='word_1_302' title='bbox 1287 2890 1455 2954; x_wconf 83' lang='lat' dir='ltr'>inquit,</span> <span class='ocrx_word' id='word_1_303' title='bbox 1482 2896 1496 2919; x_wconf 91' lang='lat'>‘</span> <span class='ocrx_word' id='word_1_304' title='bbox 1509 2895 1558 2940; x_wconf 82' lang='lat' dir='ltr'>et</span> 
     </span>
     <span class='ocr_line' id='line_1_42' title="bbox 94 2959 1559 3022; baseline -0.002 -11"><span class='ocrx_word' id='word_1_305' title='bbox 94 2969 149 3011; x_wconf 83' lang='lat' dir='ltr'>tu</span> <span class='ocrx_word' id='word_1_306' title='bbox 169 2963 325 3011; x_wconf 81' lang='lat' dir='ltr'>forsan</span> <span class='ocrx_word' id='word_1_307' title='bbox 348 2960 510 3010; x_wconf 84' lang='lat' dir='ltr'>audire</span> <span class='ocrx_word' id='word_1_308' title='bbox 541 2960 663 3008; x_wconf 83' lang='lat' dir='ltr'>nolis</span> <span class='ocrx_word' id='word_1_309' title='bbox 686 2977 698 3020; x_wconf 83' lang='lat'><em>3</em></span> <span class='ocrx_word' id='word_1_310' title='bbox 734 2966 783 3009; x_wconf 87' lang='lat' dir='ltr'>et</span> <span class='ocrx_word' id='word_1_311' title='bbox 814 2975 918 3022; x_wconf 79' lang='lat' dir='ltr'>egn,</span> <span class='ocrx_word' id='word_1_312' title='bbox 952 2959 1042 3006; x_wconf 82' lang='lat' dir='ltr'>nisi</span> <span class='ocrx_word' id='word_1_313' title='bbox 1075 2974 1201 3006; x_wconf 87' lang='lat' dir='ltr'>nunc</span> <span class='ocrx_word' id='word_1_314' title='bbox 1234 2959 1410 3017; x_wconf 85' lang='lat' dir='ltr'>dixero,</span> <span class='ocrx_word' id='word_1_315' title='bbox 1446 2959 1559 3008; x_wconf 72' lang='lat' dir='ltr'>alias</span> 
     </span>
    </p>
   </div>
  </div>
 </body>
</html>
