1721 3200
205 165 269 214 50
577 165 817 223 QUINTI
851 165 1086 215 CURTII
1119 167 1283 216 RUFI

202 301 539 364 pendentibus;
585 307 840 362 sequuntur
884 309 1123 351 matronae
1167 302 1462 366 virginesque
1502 305 1661 366 patrio

203 384 331 415 more
353 367 643 415 inconditum
667 368 899 430 quoddam
923 385 1108 417 carmen
1130 376 1365 427 canentes,
1382 386 1477 433 quo
1498 372 1654 435 propi·

202 436 307 485 tiari
331 435 496 482 Jovem
522 436 734 492 credunt,
760 443 814 484 ut
830 446 1007 485 certum
1033 437 1142 484 edat
1163 437 1415 484 oraculum.

269 501 449 549 XXXI.
484 502 553 550 At
585 509 688 550 tum
733 504 919 565 quidem
964 519 1120 564 regem
1166 505 1355 566 propius
1398 504 1659 554 adeuntem·

202 570 433 616 maximus
455 577 570 617 natu
588 586 613 617 e
630 571 943 618 sacerdotibus
950 572 1106 634 filium
1128 571 1357 633 appellat3
1381 571 1470 620 hoe
1485 586 1658 620 nomen

200 635 266 682 illi
288 643 526 699 parentem
562 637 728 684 Jovem
751 639 959 695 reddere,
997 639 1244 686 affirmans.
1314 639 1413 696 Ille,
1448 654 1498 686 se
1528 654 1658 698 vero,

204 704 281 760 ait,
318 711 366 751 et
410 705 616 766 accipere
649 713 697 752 et
731 721 994 766 agnoscere,
1030 706 1263 753 humanae
1301 707 1440 754 sortis
1470 706 1657 754 oblitus.

205 771 454 818 Consuluit
475 772 658 827 deinde,
679 788 738 818 an
756 773 900 820 totius
919 773 1042 819 orbis
1059 774 1300 834 imperium
1321 773 1433 822 fatis
1451 773 1539 820 sibi
1552 773 1658 821 des-

202 838 374 886 tinaret
394 846 541 901 pater.
611 839 768 897 Vates,
789 855 932 900 aeque
953 841 1001 886 in
1026 841 1337 888 adulationem
1359 841 1655 904 compositus,

203 918 429 952 terrarum
474 906 679 952 omnium
714 914 940 955 rectorem
973 907 1072 954 fore
1105 909 1324 957 ostendit.
1394 908 1506 956 Post
1540 908 1662 956 haec

201 972 373 1020 institit
416 989 649 1034 quaerere,
695 990 754 1020 an
787 990 946 1021 omnes
989 976 1194 1037 parentis
1228 977 1298 1022 sui
1340 975 1661 1024 interfectores

203 1055 375 1102 poenas
408 1040 658 1088 dedissent.
729 1041 950 1089 Sacerdos
972 1050 1211 1104 parentem
1234 1043 1334 1105 ejus
1354 1050 1499 1105 negat
1519 1042 1665 1090 ullius

205 1107 374 1154 scelere
396 1123 530 1169 posse
551 1108 712 1155 violari
730 1126 740 1163 ;
769 1109 969 1171 Philippi
988 1115 1141 1156 autem
1160 1126 1317 1158 omnes
1339 1110 1661 1158 interfectores

205 1174 342 1221 luisse
364 1175 599 1236 supplicia.
670 1176 871 1237 Adjecit,
897 1177 1119 1223 invictum
1155 1178 1266 1235 fore,
1292 1178 1443 1224 donec
1462 1177 1659 1224 excede-

204 1250 277 1288 ret
300 1242 359 1288 ad
379 1241 503 1288 deos.
575 1242 808 1290 Sacrificio
841 1243 1011 1290 deinde
1033 1244 1169 1302 facto,
1195 1245 1319 1291 dona
1341 1251 1388 1292 et
1410 1244 1661 1292 sacerdoti-

203 1309 290 1354 bus
314 1316 361 1355 et
384 1308 472 1354 deo
495 1309 606 1357 data
629 1320 753 1367 sunt,
778 1311 1139 1373 permissumque
1162 1313 1331 1368 amicis,
1357 1318 1411 1358 ut
1430 1312 1519 1374 ipsi
1542 1327 1659 1373 quo-

211 1391 299 1435 que
343 1376 635 1423 consulerent
668 1377 848 1424 Jovem.
934 1378 1065 1423 Nihil
1111 1379 1304 1440 amplius
1348 1379 1658 1440 quaesierunt,

203 1524 375 1571 regem.
412 1509 520 1557 Hoc
539 1526 718 1571 quoque
741 1520 977 1573 acceptum
1003 1513 1099 1559 fore
1116 1513 1149 1559 J
1151 1513 1238 1568 ovi,
1258 1521 1385 1560 vates
1401 1512 1660 1574 respondit.

205 1576 329 1623 Vere
352 1583 400 1624 et
417 1577 662 1625 salubriter
676 1579 938 1626 aestimanti
960 1579 1097 1625 fidem
1121 1580 1293 1626 oraculi
1315 1595 1435 1626 vana
1450 1579 1660 1642 profecto

205 1659 425 1706 responsa
453 1645 889 1708 videri-potuissent
914 1663 925 1701 ;
963 1647 1043 1692 sed
1077 1647 1276 1704 fortuna,
1312 1662 1426 1708 quos
1457 1647 1540 1694 uni
1573 1646 1659 1693 sibi

207 1711 396 1758 credere
429 1713 596 1772 coegit,
643 1729 813 1775 magna
844 1730 900 1760 ex
935 1722 1066 1776 parte
1101 1714 1262 1761 avidos
1303 1715 1479 1776 gloriae
1511 1713 1659 1776 magis

208 1793 342 1838 quam
377 1794 566 1840 capaces
592 1780 720 1828 facit.
788 1780 916 1828 Jovis
949 1782 1094 1842 igitur
1125 1782 1270 1828 filium
1304 1798 1354 1828 se
1384 1797 1480 1828 11011
1513 1781 1661 1828 solum

209 1845 428 1907 appellari
461 1862 619 1907 passus
653 1857 736 1904 est,
772 1848 852 1894 sed
887 1848 1024 1895 etiam
1062 1848 1229 1909 jussit,
1217 1866 1228 1874 ·
1265 1863 1512 1909 rerumque
1554 1862 1659 1909 ἕω-

205 1920 358 1960 tarum
391 1912 574 1969 f,amam
600 1915 711 1960 dum
747 1930 917 1975 augere
948 1915 1061 1971 vult,
1097 1915 1179 1962 tali
1214 1915 1522 1977 appellatione
1555 1930 1657 1961 cor-

207 1980 395 2041 rumpit.
465 1981 528 2027 Et
563 1981 855 2037 Macedones,
891 1982 1058 2028 assueti
1082 1981 1266 2043 quidem
1289 1982 1418 2044 regio
1450 1981 1660 2044 imperio,

212 2046 292 2092 sed
314 2046 487 2107 majore
522 2047 750 2095 libertatis
783 2049 946 2095 umbra
979 2064 1115 2110 quam
1151 2055 1331 2096 ceterae
1363 2055 1541 2110 gentes,
1574 2049 1660 2095 im-

208 2113 537 2160 mortalitatem
574 2115 864 2162 affectantem
900 2116 1215 2163 contumacius
1255 2132 1391 2178 quam
1425 2122 1506 2164 aut
1550 2115 1660 2178 ipsis

207 2180 482 2257 expediebat
529 2191 609 2228 aut
665 2183 779 2243 regi,
831 2183 1028 2230 aversati
1077 2190 1200 2230 sunt.
1271 2184 1364 2231 Sed
1409 2183 1522 2230 haec
1575 2198 1659 2229 suo

207 2259 412 2307 quaeque
456 2249 652 2310 tempori
708 2265 860 2296 reserx
863 2259 1035 2306 entur
1092 2265 1218 2297 nunc
1271 2257 1423 2299 cetera
1472 2249 1659 2309 exsequi

207 2329 412 2376 pergam.

272 2380 476 2428 XXXII.
514 2381 561 2428 8.
593 2382 861 2430 Alexander
895 2385 953 2431 ab
986 2385 1250 2432 Hammone
1281 2383 1477 2440 redienS,
1512 2387 1566 2430 ut
1604 2379 1658 2444 [a

210 2448 347 2524 mari]
385 2448 446 2494 ad
470 2449 715 2497 Mareotim
738 2451 969 2512 paludem,
994 2453 1118 2501 haud
1150 2451 1331 2527 procul·
1331 2448 1482 2497 insula
1505 2448 1660 2496 Pharo

210 2515 358 2571 sitam,
377 2515 533 2571 venit;
553 2519 888 2580 contemplatus
911 2519 999 2566 loci
1020 2526 1248 2576 naturam,
1263 2517 1461 2581 primum
1485 2517 1535 2564 in
1557 2518 1658 2579 ipsa

209 2581 359 2627 insula
381 2589 606 2631 statuerat
627 2585 788 2631 urbem
812 2601 903 2632 nov
906 2602 979 2632 am
1002 2587 1217 2634 condere.
1286 2584 1415 2641 Inde,
1441 2591 1497 2632 ut
1518 2599 1659 2648 appa-

208 2647 300 2695 ruit
334 2663 529 2708 magnae
561 2651 681 2698 sedis
713 2653 909 2699 insulam
943 2654 1070 2700 haud
1104 2667 1330 2716 capacem,
1366 2651 1508 2713 elegit
1550 2651 1656 2699 urbi

207 2715 359 2762 locum
382 2716 462 2760 ubi
496 2731 619 2765 nunc
652 2726 722 2767 est
754 2720 1053 2778 Alexandria,
1084 2718 1436 2782 appellationem
1468 2718 1661 2767 trahens

211 2798 269 2828 ex
291 2781 477 2827 nomine
500 2786 718 2832 auctoris.
789 2787 1066 2849 Complexus
1088 2784 1313 2847 quidquid
1331 2785 1422 2832 loci
1445 2793 1515 2835 est
1535 2786 1663 2834 inter

208 2848 424 2910 paludem
457 2854 505 2895 et
538 2865 676 2908 mare,
712 2855 951 2916 octoginta
983 2853 1235 2902 stadiorum
1258 2852 1401 2900 muris
1434 2852 1659 2901 ambitum

212 2915 442 2969 destinat;
479 2921 526 2962 et
561 2918 637 2976 qui
659 2921 1031 2968 exaedificandae
1049 2920 1155 2966 urbi
1185 2926 1449 2982 praeessent·
1468 2918 1655 2975 relictis,

209 2982 463 3045 Memphim
479 2983 613 3044 petit.
685 2985 880 3048 Cupido,
898 2987 1026 3034 haud
1048 2986 1219 3048 injusta
1241 2987 1657 3047 quidem,ceterum
