1721 3200
153 175 212 223 74
509 169 747 229 QUINTI
786 167 1216 221 CURTII.RUFI

216 304 367 354 LXII.
405 305 680 362 Alexander,
717 314 763 351 ut
795 321 928 367 supra
962 304 1131 352 dictum
1166 314 1248 362 est,
1283 304 1470 359 inhibito
1502 359 1509 375 Ι
1540 303 1542 306 ’
1577 304 1582 308 ”

151 391 252 422 rum
287 389 438 430 cursu,
472 372 530 418 ad
567 372 740 434 Lycum
777 387 957 419 amnem
990 381 1291 434 pervenerat3
1325 373 1399 420 ubi
1446 371 1534 436 ingss
1625 378 1629 382 ’
1695 398 1698 399 ’

152 441 385 489 multitudo
401 441 659 502 fugientium
684 449 944 487 oneraverat
961 449 1161 501 pontem,
1177 448 1221 486 et
1235 441 1450 502 plerique,
1467 451 1540 504 qui
1558 444 1590 490 ri

155 510 292 556 hostis
327 517 509 570 urgeret,
534 510 580 553 in
613 508 784 555 flumen
819 523 865 554 se
905 510 1321 570 praecipitaverant,
1366 517 1610 624 gmvesqg'

155 579 305 635 armis,
322 586 367 623 et
388 577 557 639 proelio
575 591 629 622 ac
653 575 756 638 fuga
765 575 1003 636 defatigati,
1021 575 1256 636 gurgitibus
1274 574 1557 623 hauriebant
1638 589 1642 592 “
1700 583 1714 614 πῖ

151 645 348 706 Jamque
363 660 452 690 non
468 659 581 706 pons
599 644 733 690 modo
750 643 984 704 fugientes,
1000 643 1080 688 sed
1097 658 1154 690 ne
1169 645 1317 689 amnis
1335 643 1516 704 quidem
1532 649 1584 691 ca
1618 647 1645 704 '‚

153 713 316 774 piebat‚
333 712 512 773 agmina
528 727 609 757 sua
631 710 879 773 improvide
898 710 1085 757 subinde
1103 710 1405 758 cumulantes:
1428 712 1590 774 quippe
1618 723 1621 768 j
1701 711 1721 779 f!

153 780 415 826 ubiintravit
432 781 606 825 animos
629 795 784 841 pavor,
802 779 848 824 id
871 778 1016 825 solum
1039 786 1259 837 metuunt,
1279 778 1399 840 quod
1413 780 1589 841 primun
1596 770 1620 865 s
1711 786 1721 835 ι’,

154 846 391 893 formidare
414 856 670 909 coeperunt.
706 846 985 904 Alexander,
1006 847 1273 892 instantibus
1292 847 1401 905 suis,
1424 848 1591 908 impunc
1715 836 1721 851 ¹

154 914 394 961 abeuntem
431 913 605 960 hostem
629 915 752 975 sequi
786 915 1071 975 permitteret,
1106 912 1285 960 hebetia
1319 915 1406 960 tela
1437 928 1536 960 esse
1566 929 1594 960 e

154 997 317 1029 manus
355 982 572 1043 fatigatas,
617 991 827 1042 tantoque
872 997 1008 1027 cursu
1053 996 1241 1043 corpora
1282 980 1522 1040 exhausta,
1567 995 1599 1028 e

155 1065 370 1112 praeceps
391 1051 438 1095 in
473 1059 652 1096 noctem
677 1049 762 1095 diei
797 1058 988 1110 tempus,
1014 1058 1227 1095 causatus
1260 1058 1343 1096 est.
1387 1048 1481 1096 .Re
1503 1063 1604 1095 vera

156 1117 211 1162 de
229 1117 358 1163 laevo
374 1132 525 1174 cornu,
538 1117 655 1178 quod
671 1115 821 1162 adhuc
836 1117 879 1161 in
901 1117 998 1161 acie
1017 1124 1131 1162 stare
1151 1116 1374 1172 credebat,
1386 1117 1606 1174 sollicituse
1674 1122 1705 1133 '‘

155 1185 311 1229 reverti
336 1184 393 1230 ad
412 1183 641 1230 ferendam
661 1199 795 1245 opem
819 1184 910 1229 suis
933 1183 1093 1229 statuit.
1138 1182 1333 1244 Jamque
1356 1185 1480 1245 signa
1502 1198 1610 1230 con—

120 1280 128 1287 x
156 1259 360 1309 verterat,
386 1268 525 1314 quum
550 1253 735 1312 equites,
771 1266 796 1295 a
819 1250 1116 1297 Parmenione
1141 1251 1280 1306 missi,
1303 1251 1417 1297 illius
1438 1265 1610 1314 quoque

155 1319 290 1380 partis
313 1319 545 1365 victoriam
564 1319 796 1365 nunciant.
867 1316 953 1363 Sed
980 1319 1151 1364 nullum
1174 1334 1229 1364 eo
1252 1318 1322 1364 die
1347 1317 1496 1379 majus
1514 1334 1614 1381 per-

156 1386 327 1432 iculum
351 1386 473 1444 adiit,
498 1401 633 1446 quam
659 1385 767 1432 dum
803 1385 959 1446 copias
981 1384 1154 1431 reducit
1176 1387 1220 1431 in
1246 1394 1406 1433 castra.
1476 1385 1615 1433 Pauci

155 1469 261 1500 eum
284 1462 328 1501 et
349 1455 634 1515 incompositi
657 1452 958 1513 sequebantur
981 1461 1167 1498 ovantes
1201 1453 1380 1499 victoria
1402 1467 1415 1498 :
1449 1454 1615 1516 quippe

157 1537 316 1568 omnes
338 1519 486 1568 hostes
520 1530 596 1567 aut
618 1521 662 1566 in
687 1519 838 1580 sugam
861 1519 1043 1577 effusos,
1067 1530 1145 1566 aut
1178 1521 1222 1565 in
1247 1517 1346 1566 acie
1370 1519 1612 1567 credebant

159 1587 374 1649 cecidisse
400 1606 413 1647 3
458 1604 597 1650 quum
637 1595 819 1649 repente
863 1602 924 1633 ex
970 1587 1158 1633 adverso
1199 1587 1406 1650 apparuit
1450 1603 1611 1648 agmen

157 1656 376 1716 equiturn,
396 1657 474 1717 ¹qui
508 1656 651 1718 primo
685 1653 914 1700 inhibuere
951 1670 1150 1713 cursum,
1184 1654 1361 1712 deinde,
1397 1653 1615 1702 Macedo-

159 1738 271 1769 num
293 1725 519 1786 paucitate
544 1730 803 1785 conspecta,
826 1731 994 1768 turmas
1016 1723 1060 1768 in
1087 1722 1241 1768 obvios
1265 1723 1619 1770 concitaverunt.

161 1791 287 1837 Ante
330 1792 455 1852 signa
488 1806 570 1837 rex
614 1790 704 1836 ibat
737 1788 1010 1836 dissimulato
1050 1791 1191 1850 magis
1235 1790 1448 1852 periculo,
1482 1804 1619 1853 quam

159 1866 341 1920 spret03
377 1874 462 1904 nec
496 1856 634 1903 defuit
667 1858 708 1903 ei
741 1865 958 1918 perpetua
991 1858 1036 1901 in
1073 1857 1217 1902 dubiis
1251 1858 1382 1904 rebus
1416 1855 1620 1905 felicitas,

162 1926 373 1987 Namque
396 1924 672 1987 praesectum
709 1925 930 1984 equitatus
963 1923 1146 1969 avidum
1181 1924 1454 1982 certaminis,
1487 1932 1533 1970 et
1563 1923 1634 1973 obt
1708 1963 1721 1988 ⁷:

164 1992 206 2038 id
231 1995 379 2054 ipsum
403 1992 626 2039 incautius
650 1993 694 2037 in
719 2006 766 2037 se
790 2001 1008 2050 ruentem,
1028 1990 1155 2037 hasta
1174 1992 1398 2038 transfixit
1417 2008 1429 2039 ε
1451 2007 1539 2053 quo
1558 2004 1621 2038 ex

163 2075 280 2121 equo
302 2060 442 2122 lapSO,
460 2061 722 2121 'proximum
747 2073 802 2104 ac
827 2058 987 2104 deinde
1022 2059 1171 2119 plures
1205 2059 1365 2106 eodem
1399 2060 1487 2105 telo
1512 2073 1620 2106 con-

165 2126 290 2173 fodit.
359 2125 571 2173 Invasere
594 2127 792 2172 turbatos
815 2127 949 2171 amici
976 2141 1182 2187 quoque3
1207 2142 1293 2173 nec
1310 2126 1474 2173 Persae
1495 2126 1620 2173 inulti

166 2193 416 2241 cadebant:
455 2196 620 2256 quippe
656 2208 743 2239 non
768 2193 1003 2240 universae
1028 2195 1165 2251 acies,
1189 2186 1436 2255 quam'hae
1457 2193 1620 2240 tumul-

167 2263 336 2308 tuariae
370 2277 547 2319 manus,
582 2259 891 2307 vehementius
924 2261 1059 2306 iniere
1101 2270 1347 2307 certamen.
1416 2260 1620 2308 Tandem

169 2330 358 2386 barbari,
395 2344 536 2389 quum
579 2329 771 2374 obscura
815 2328 914 2373 luce
959 2327 1063 2389 fuga
1099 2329 1227 2374 tutior
1268 2328 1490 2375 videretur
1521 2341 1620 2374 esee

169 2412 304 2456 quam
343 2412 507 2458 pugna,
541 2396 724 2442 diversis
759 2395 1006 2455 agminibus
1039 2395 1202 2442 abiere.
1273 2394 1390 2453 Rex,
1423 2395 1641 2442 extraor-'

169 2463 339 2510 dinatio
382 2464 579 2526 periculo
625 2462 877 2520 defunctus,
923 2463 1175 2509 incolumes
1221 2478 1326 2509 suos
1369 2461 1543 2509 reduxit
1574 2461 1611 2505 ir

170 2539 329 2578 castra.
1369 2575 1395 2596 α

236 2596 417 2645 LXIII.
455 2598 671 2647 Cecidere
695 2597 947 2657 Persarum,
963 2613 1153 2659 quorum
1174 2609 1408 2643 numerum
1430 2593 1597 2640 victore
1658 2611 1686 2660 J
1706 2633 1721 2645 ,.

172 2664 298 2712 finire
335 2675 588 2727 potuerunt,
631 2666 770 2711 millia
802 2680 896 2711 XL:
940 2664 1252 2712 Macedonum
1291 2662 1442 2707 minus
1481 2676 1611 2722 quan>-
1664 2675 1709 2705 ἐ.

177 2745 269 2778 ccc
294 2731 526 2779 desiderati
545 2741 664 2780 sunt.
735 2732 948 2779 Ceterum
965 2731 1086 2778 hanc
1102 2731 1333 2779 victoriam
1351 2742 1431 2774 rex
1449 2727 1612 2789 majore
1653 2698 1684 2788 ᾗ

173 2815 236 2846 ex
270 2807 391 2862 parte
415 2802 558 2847 virtuti
584 2816 719 2861 quam
745 2799 943 2847 fortunae
977 2814 1084 2846 suae
1121 2797 1270 2844 debuit
1292 2810 1303 2840 ε
1338 2796 1508 2853 animo,
1531 2801 1631 2855 non'
1655 2791 1682 2844 f.

178 2876 226 2912 ut
248 2875 380 2913 antea
402 2867 518 2923 loco,
540 2868 660 2914 vicit.
729 2867 849 2913 Nam
873 2875 917 2913 et
939 2867 1086 2912 aciem
1103 2863 1364 2927 peritissime
1386 2862 1622 2922 instruxit3
1645 2882 1647 2886 ·
1672 2875 1681 2893 ’-

176 2942 218 2978 et
233 2935 557 2996 promptissime
577 2934 668 2995 ipse
686 2935 929 2995 pugnavit3
953 2941 998 2978 et
1015 2945 1176 2992 magno
1194 2931 1377 2976 consilio
1396 2929 1619 2994 jacturam
1682 2982 1687 2987 ,

178 3001 447 3047 sarcinarum
494 2999 1000 3062 impedimentorumque
1057 2999 1335 3060 contempsit,
1381 3013 1521 3058 quum
1568 2995 1636 3060 jn·
1658 3011 1685 3038 ‹-
1712 3023 1721 3060 3.

178 3070 273 3130 ipsa
296 3070 393 3115 acie
417 3083 643 3116 summum
679 3070 736 3113 rei
763 3067 930 3114 videret
962 3081 1058 3112 esse
1094 3065 1325 3113 discrimen
1353 3083 1364 3120 3
1402 3063 1619 3124 dubioque
1675 3059 1704 3099 Γ

1715 567 1721 626 i

547 3167 1721 3200 ᾈ--ᾷ
