1721 3200
179 166 240 212 54
558 163 798 222 QUINTI
833 163 1062 212 CURTII
1097 162 1262 213 RUFI

185 299 380 361 caligine
403 313 538 359 quam
572 299 724 345 fumus
758 298 984 346 effuderat
1017 300 1293 347 obscurante
1324 299 1489 358 lucem,
1521 299 1634 348 insi⁴

182 367 363 413 diarum
397 373 523 413 metu
557 367 792 422 substitit3
829 366 1011 424 deinde,
1052 374 1106 414 ut
1150 366 1460 428 speculatores
1502 381 1635 430 prae-

183 435 309 481 missi
348 440 452 480 tuta
492 433 646 480 omnia
711 434 1065 490 nunciaverunt,
1107 449 1277 496 paucos
1320 434 1532 497 equitum
1575 435 1636 482 ad

183 500 460 548 tentandum
504 501 675 546 vadum
721 500 921 547 fluminis
966 501 1216 562 praemisit,
1263 501 1394 563 cujus
1436 501 1637 550 altitudo

179 568 329 630 primo
368 582 546 614 summa
579 584 803 630 equorum
848 574 1052 629 pectora,
1099 583 1222 624 mox,
1260 576 1316 616 ut
1346 569 1397 616 in
1429 568 1634 616 medium

180 635 360 681 alveum
394 642 585 681 ventum
618 642 704 692 est,
751 636 950 682 cervices
984 650 1167 697 quoque
1200 638 1442 696 aequabat.
1532 636 1635 684 Nec

179 717 289 749 sane
305 702 421 749 alius
445 703 505 748 ad
529 702 735 750 Orientis
769 703 952 765 plagam
986 713 1081 750 tam
1123 702 1355 751 violentus
1385 703 1635 762 invehitur,

178 769 429 817 multorum
451 770 726 817 torrentium
763 786 858 816 non
882 784 1022 830 aquas
1044 770 1207 827 solum,
1245 771 1326 817 sed
1349 771 1489 818 etiam
1524 786 1636 818 saxa

177 852 332 883 secum
367 836 586 884 trahens:
621 837 779 899 itaque
819 854 846 884 a
880 837 1114 885 celeritate
1158 852 1251 899 qua
1293 838 1467 899 defluit·
1503 838 1638 901 Tigri

174 919 346 951 nomen
369 911 439 951 est·
461 904 677 961 inditum,
703 906 811 967 quia
836 904 1019 951 Persica
1036 904 1195 966 lingua
1224 904 1401 969 Tiyvim
1414 906 1634 968 sagittam

177 971 428 1033 appellant.

241 1037 492 1085 XXXVII.
531 1037 684 1099 Igitur
717 1039 872 1101 pedes,
897 1040 1025 1086 velut
1049 1039 1221 1086 divisus
1248 1040 1298 1086 in
1320 1055 1508 1098 cornua,
1545 1041 1634 1088 cir·

176 1106 393 1153 cumdato
417 1106 639 1166 equitatu,
664 1107 827 1154 levatis
845 1122 981 1168 super
1004 1107 1155 1168 capita
1177 1108 1329 1164 armis,
1349 1108 1476 1154 haud
1497 1123 1636 1171 aegre

176 1172 235 1218 ad
257 1173 407 1234 ipsum
442 1174 622 1219 alveum
659 1181 886 1236 penetrat.
959 1173 1144 1220 Primus
1176 1174 1299 1222 inter
1336 1175 1514 1237 pedites
1547 1191 1632 1223 rex

176 1255 386 1301 egressus
408 1240 457 1285 in
481 1240 643 1301 ripam,
679 1241 847 1287 vadum
886 1241 1108 1289 militibus
1142 1256 1296 1298 manu,
1323 1242 1511 1304 quando
1541 1258 1635 1289 vox

179 1307 387 1353 exaudiri
409 1323 505 1353 non
527 1314 724 1368 poterat,
751 1309 957 1356 ostendit
976 1325 986 1355 τ
1025 1307 1105 1354 sed
1129 1308 1327 1369 gradum
1349 1309 1533 1356 firmare
1553 1310 1632 1356 vix

174 1380 405 1434 poterant,
432 1389 571 1435 quum
597 1375 736 1421 modo
771 1392 881 1421 saxa
913 1375 1092 1422 lubrica
1125 1376 1371 1437 vestigium
1403 1376 1634 1434 fallerent,

173 1441 313 1486 modo
335 1441 540 1502 rapidior
561 1442 687 1488 unda
710 1443 1006 1489 subduceret.
1077 1442 1359 1504 Praecipuus
1381 1450 1481 1492 erat
1500 1444 1634 1490 labor

174 1523 332 1554 eorum
367 1508 448 1569 qui
491 1508 695 1556 humeris
745 1526 884 1556 onera
934 1510 1220 1571 portabant:
1273 1511 1442 1572 quippe
1491 1525 1635 1572 quum

173 1575 442 1637 semetipsos
465 1591 627 1637 regere
649 1592 743 1623 non
778 1584 981 1638 possent,
1015 1577 1065 1622 in
1100 1577 1285 1638 rapidos
1317 1578 1528 1639 gurgites
1560 1577 1635 1624 in·-

172 1642 415 1688 commodo
449 1658 589 1689 onere
622 1644 979 1700 auferebantur;
1037 1650 1097 1701 et,
1151 1644 1264 1690 dum
1313 1660 1397 1691 sua
1440 1645 1636 1707 quisque

172 1709 318 1770 spolia
365 1712 583 1770 consequi
633 1711 806 1768 studet,
841 1712 989 1773 major
1038 1712 1161 1758 inter
1198 1712 1322 1773 ipsos
1356 1727 1494 1773 quam
1528 1727 1635 1759 cum

171 1787 444 1824 amne-orta
483 1777 678 1826 luctatio
719 1789 790 1826 est
807 1795 819 1834 ;
855 1779 1117 1840 cumulique
1151 1779 1432 1825 sarcinarum
1466 1779 1636 1841 passim

169 1843 404 1890 fluit-antes
425 1844 669 1907 plerosque
691 1845 999 1908 perculerant.
1069 1845 1174 1891 Rex
1209 1860 1411 1902 monere,
1436 1853 1490 1893 ut
1523 1846 1636 1894 satis

170 1910 395 1957 haberent
441 1927 568 1958 arma
612 1914 841 1968 retinere3
892 1921 1045 1961 cetera
1078 1927 1126 1958 se
1159 1912 1469 1959 redditurum.
1539 1911 1634 1960 Sed

169 1991 319 2036 neque
365 1979 609 2025 consilium
654 1995 804 2040 neque
835 1980 1078 2042 imperium
1113 1978 1257 2040 accipi
1290 1985 1513 2040 poterat:
1549 1979 1633 2026 ob-

167 2045 403 2105 strepebat
436 2045 545 2092 hinc
577 2054 741 2103 metus,
777 2046 886 2093 hinc
918 2046 1115 2093 invicem
1149 2047 1415 2093 vocantium
1448 2052 1641 2094 mutuus

170 2111 353 2158 clamor.
426 2112 651 2170 Tandem,
676 2129 768 2175 qua
800 2113 975 2160 leniore
1007 2118 1162 2161 tractu
1196 2113 1344 2160 amnis
1375 2114 1525 2176 aperit
1555 2129 1635 2160 va-

170 2177 297 2234 dum,
332 2193 572 2236 emersere,
608 2196 694 2227 nec
729 2181 978 2243 quidquam
1011 2186 1194 2244 praeter
1228 2195 1397 2242 paucas
1431 2180 1635 2228 sarcinas

169 2245 480 2293 desideratum
513 2253 596 2294 est.

234 2311 514 2360 XXXVIII.
569 2314 732 2362 Deleri
777 2315 932 2376 potuit
983 2315 1227 2371 exercitus,
1278 2314 1316 2360 si
1342 2313 1461 2374 ‘quis
1492 2327 1633 2361 ausus

169 2386 288 2426 esset
311 2380 529 2428 vincere:
567 2382 649 2428 sed
682 2390 907 2444 perpetua
940 2382 1129 2429 fortuna
1161 2381 1283 2442 regis
1317 2380 1486 2428 avertit
1518 2379 1632 2427 inde

166 2445 360 2493 hostem.
430 2446 507 2494 Sic
546 2447 799 2496 Granicum
831 2456 903 2497 tot
925 2449 1127 2496 mililbus
1166 2448 1374 2510 equitum
1395 2447 1627 2509 peditum·

169 2526 259 2572 que
280 2513 329 2557 in
363 2514 585 2562 ulteriore
617 2516 847 2564 stantibus
881 2518 982 2578 ripa
1017 2515 1250 2578 superavit
1274 2530 1286 2561 z
1320 2514 1387 2561 sic
1419 2515 1629 2576 angustis

164 2578 215 2624 in
240 2577 428 2627 Ciliciae
449 2582 642 2630 callibus
664 2590 844 2632 tantam
866 2582 1212 2631 multitudinem
1241 2580 1461 2628 hostium.
1527 2582 1628 2628 Au-

166 2644 326 2692 daciae
349 2662 546 2708 quoque,
572 2667 664 2712 qua
696 2651 894 2697 maxime
927 2651 1090 2712 viguit,
1126 2650 1247 2697 ratio
1276 2646 1423 2693 minui
1455 2653 1625 2710 potest,

168 2711 275 2773 quia
307 2727 543 2773 nunquam
584 2719 634 2763 in
669 2717 918 2764 discrimen
951 2718 1094 2773 venit,
1128 2732 1188 2763 an
1221 2713 1626 2764 temere‘fecisset.

167 2779 396 2835 Mazaeus,
433 2781 526 2840 qui,
576 2784 614 2829 si
658 2786 1005 2832 transeuntibus
1053 2784 1226 2829 flumen
1270 2783 1626 2842 supervenisset,

164 2845 291 2892 haud
324 2846 465 2893 dubie
499 2863 798 2910 oppressurus
830 2851 919 2900 fuit
950 2849 1292 2911 incompositos,
1327 2849 1377 2894 in
1409 2849 1513 2912 ripa
1543 2849 1625 2896 de-

165 2927 306 2970 mum,
342 2920 391 2961 et
433 2913 531 2976 jam
581 2924 881 2977 perarmatos,
929 2917 1197 2980 adequitare
1245 2915 1415 2977 coepit.
1494 2915 1628 2962 Mille

167 2979 416 3028 admodum
440 2981 616 3041 equites
649 2985 966 3046 praemiserat,
996 2998 1194 3045 quorum
1223 2982 1459 3045 paucitate
1479 2981 1632 3032 Alex-
