1721 3200
169 182 230 228 68
539 182 780 240 QUINTI
817 181 1051 230 CURTII
1086 181 1250 231 RUFI

173 334 275 365 rum
298 318 485 379 ungulis
518 325 726 381 possunt,
752 318 930 365 etiamsi
953 318 1020 364 nil
1042 323 1226 381 praeter
1247 318 1439 368 falcatos
1461 334 1621 368 currus

173 386 383 432 emisero.
454 385 519 433 Et
540 385 663 432 bello
687 384 943 442 vicerimus,
969 386 1007 432 si
1030 385 1254 433 vincimus
1275 387 1480 448 praelio;
1514 402 1622 435 nam

173 470 232 500 ne
265 452 355 498 illis
390 452 575 513 quidem
610 453 671 499 ad
707 452 866 513 fugam
899 453 1028 499 locus
1067 459 1166 500 est:
1204 453 1311 500 hinc
1346 453 1622 516 Euphrates,

172 521 298 566 illinc
333 519 488 580 Tigris
510 520 724 581 prohibet
756 520 970 566 inclusos.
1045 519 1108 568 Et
1131 535 1248 580 quae
1269 526 1408 569 antea
1428 537 1514 583 pro
1534 521 1625 569 illis

173 592 321 642 erant,
357 587 406 632 in
440 588 722 634 contrarium
752 603 883 633 versa
915 593 1041 634 sunt.
1111 587 1336 635 Nostrum
1376 587 1546 636 mobile
1577 596 1626 637 et

172 654 441 717 expeditum
487 671 653 716 agmen
687 661 769 711 est,
811 654 928 700 illud
961 655 1129 716 praeda
1160 670 1337 716 grave;
1370 655 1627 717 implicatos

172 737 284 783 ergo
308 722 464 783 spoliis
487 722 656 769 nostris
673 722 1033 777 trucidabimus;
1060 722 1312 784 eademque
1328 738 1401 770 res
1423 729 1472 770 et
1492 739 1629 771 causa

173 789 391 836 victoriae
409 789 498 836 erit
521 796 568 837 et
590 789 784 836 fructus.
857 789 998 845 Quod
1020 789 1058 836 si
1080 806 1217 851 quem
1250 806 1276 836 e
1308 790 1438 837 vobis
1459 805 1628 838 nomen

174 856 328 918 gentis
346 864 500 904 movet
520 873 530 911 ;
569 857 758 917 cogitet,
785 856 1097 902 Macedonum
1121 857 1214 903 illic
1237 873 1365 912 arma
1386 873 1498 916 esse,
1532 873 1627 904 non

175 939 366 986 corpora
391 941 402 979 ;
438 924 637 970 multum
661 924 784 970 enim
809 924 1046 984 sanguinis
1080 924 1276 971 invicem
1299 924 1547 983 hausimus,
1581 932 1628 972 et

174 1006 351 1053 semper
374 990 559 1052 gravior
582 991 631 1036 in
653 991 887 1052 paucitate
906 991 1093 1052 jactura
1114 998 1200 1039 est.
1267 992 1390 1038 Nam
1426 992 1630 1040 Alexan-

174 1060 270 1115 der,
318 1065 719 1119 quantuscumque
756 1059 938 1119 ignavis
972 1065 1019 1106 et
1063 1059 1237 1106 timidis
1269 1059 1419 1106 videri
1460 1066 1629 1122 potest,

176 1142 318 1173 unum
343 1125 511 1172 animal
536 1132 605 1172 est
629 1143 640 1180 ;
677 1133 738 1182 et,
764 1126 802 1172 si
825 1126 937 1186 quid
961 1126 1073 1171 mihi
1097 1126 1298 1184 creditis,
1324 1127 1620 1174 temerarium

174 1201 222 1241 et
246 1209 418 1249 vecors,
445 1193 595 1239 adhuc
618 1201 779 1240 nostro
812 1209 996 1254 pavore,
1031 1208 1167 1252 quam
1202 1210 1284 1240 sua
1315 1194 1487 1242 virtute
1530 1194 1630 1241 feli-

175 1262 286 1308 cius.
356 1260 489 1306 Nihil
504 1266 657 1307 autem
675 1266 946 1321 potestesse
969 1260 1255 1318 diuturnum,
1271 1260 1346 1307 cui
1362 1276 1459 1307 non
1475 1261 1631 1308 subest

175 1329 311 1376 ratio.
379 1326 513 1374 Licet
536 1326 729 1374 felicitas
753 1327 987 1388 adspirare
1011 1327 1235 1384 videatur,
1261 1338 1418 1375 tamen
1440 1327 1500 1375 ad
1524 1327 1633 1376 ulti-

176 1412 301 1442 mum
325 1394 576 1442 temeritati
601 1410 694 1440 non
729 1395 910 1441 sufficit.
979 1394 1226 1442 Praeterea
1258 1395 1421 1442 breves
1453 1401 1502 1443 et
1533 1411 1633 1442 mu·

176 1463 340 1510 tabiles
363 1462 485 1508 vices
505 1477 660 1508 rerum
684 1468 807 1518 sunt,
829 1470 876 1508 et
899 1462 1088 1508 fortuna
1109 1477 1347 1523 nunquam
1366 1462 1632 1524 simpliciter

177 1530 408 1591 indulget.
477 1527 692 1575 Forsitan
716 1530 783 1576 ita
806 1529 870 1574 dii
893 1529 988 1576 sata
1022 1529 1368 1586 ordinaverunt,
1394 1535 1449 1577 ut
1472 1529 1634 1577 Persa-

177 1614 280 1644 rum
302 1596 560 1658 imperium,
579 1596 704 1658 quod
723 1596 926 1643 secundo
945 1612 1080 1642 cursu
1099 1611 1180 1658 per
1197 1597 1423 1644 ducentos
1439 1596 1633 1658 triginta

177 1680 321 1711 annos
357 1664 416 1710 ad
451 1680 680 1709 summum
725 1664 962 1724 fastigium
1009 1673 1270 1721 evexerant,
1306 1679 1476 1725 magno
1504 1670 1636 1712 motu

176 1738 480 1779 concuterent
514 1731 675 1792 magis,
712 1747 850 1792 quam
885 1731 1194 1792 adfligerent;
1244 1731 1637 1793 admonerentque

177 1816 261 1846 nos
283 1798 541 1858 fragilitatis
564 1797 806 1854 humanae,
832 1798 963 1860 cujus
997 1798 1138 1844 nimia
1170 1799 1219 1844 in
1246 1798 1478 1860 prosperis
1497 1799 1634 1845 rebus

178 1866 349 1914 oblivio
373 1872 456 1913 est.
526 1865 670 1912 Modo
709 1865 897 1912 Graecis
930 1865 1054 1913 ultro
1087 1865 1260 1912 bellum
1289 1865 1631 1911 inferebamus:

178 1950 301 1980 nunc
323 1933 373 1979 in
397 1932 582 1979 sedibus
605 1933 775 1980 nostris
809 1933 1126 1994 propulsamus
1159 1932 1339 1979 illatum
1363 1948 1374 1978 ε
1403 1931 1635 1992 Jactamur

178 2002 372 2047 invicem
407 2000 633 2047 varietate
666 2000 895 2047 fortunae.
962 1999 1193 2045 Videlicet
1225 1998 1482 2061 imperium,
1508 1999 1633 2060 quod

179 2075 343 2115 mutuo
367 2067 663 2122 adfectamus,
689 2083 783 2113 una
804 2082 918 2127 gens
952 2082 1046 2112 non
1080 2066 1217 2127 capit.
1289 2066 1522 2122 Ceterum,
1547 2065 1633 2113 eti-

179 2135 292 2181 amsi
316 2149 418 2195 spes
441 2149 537 2179 non
561 2134 780 2190 subesset,
801 2134 1045 2180 necessitas
1068 2139 1223 2180 tamen
1240 2133 1477 2180 stimulare
1492 2133 1632 2180 debe-

179 2209 285 2249 ret:
322 2201 382 2247 ad
416 2206 622 2247 extrema
655 2207 927 2262 perventum
962 2207 1065 2255 est;
1102 2207 1295 2247 matrem
1328 2216 1492 2258 meam,
1515 2200 1632 2247 duas

181 2270 310 2326 filias,
349 2267 534 2315 Ochum
567 2267 617 2313 in
652 2283 779 2329 spem
813 2267 949 2329 hujus
993 2267 1173 2329 imperii
1216 2267 1429 2329 genitum
1460 2267 1631 2329 princi-

180 2353 298 2398 pem,
322 2335 450 2382 illam
474 2334 676 2381 sobolem
706 2335 861 2396 regiae
895 2335 1063 2396 stirpis,
1089 2335 1229 2382 duces
1262 2340 1437 2382 vestros
1468 2348 1631 2395 regum

182 2406 341 2460 instar,
375 2403 556 2449 vinctos
590 2401 765 2457 habet3
803 2402 891 2448 nisi
923 2402 1048 2464 quod
1080 2402 1128 2448 in
1162 2401 1291 2448 vobis
1314 2407 1399 2457 est,
1421 2401 1520 2463 ipse
1543 2415 1630 2461 ego

182 2471 353 2531 majore
375 2476 507 2532 parte
530 2469 620 2515 mei
642 2470 850 2531 captivus
875 2486 988 2516 sum.
1058 2468 1238 2531 Eripite
1259 2469 1435 2515 viscera
1455 2482 1557 2514 mea
1572 2482 1630 2512 ex

180 2537 373 2583 vinculis
399 2554 411 2592 3
446 2536 678 2583 restituite
712 2536 824 2582 mihi
857 2537 1064 2598 pignora,
1101 2551 1186 2597 pro
1207 2536 1374 2598 quibus
1395 2535 1494 2596 ipse
1514 2534 1631 2579 mori

182 2619 275 2649 non
309 2619 486 2660 recuso,
521 2609 776 2665 parentem,
811 2604 1009 2658 liberos;
1050 2619 1159 2650 nam
1193 2602 1435 2663 conjugem
1466 2601 1516 2646 in
1549 2600 1629 2646 illo

181 2685 364 2716 carcere
398 2671 542 2717 amisi.
628 2669 830 2728 Credite,
867 2687 991 2717 nunc
1041 2685 1198 2716 omnes
1231 2669 1423 2725 tendere
1456 2667 1515 2713 ad
1549 2682 1629 2713 vos

182 2752 358 2792 manus,
383 2736 628 2797 implorare
660 2738 833 2799 patrios
879 2738 1003 2794 deos,
1040 2753 1174 2798 opem
1207 2741 1417 2790 vestram,
1453 2734 1629 2780 miseri·

182 2803 401 2860 cordiam,
425 2803 565 2849 fidem
598 2820 857 2881 exposcere,
883 2811 937 2852 ut
969 2805 1206 2860 servitute,
1229 2810 1283 2849 ut
1315 2800 1626 2862 compedibus,

187 2878 238 2918 ut
270 2870 476 2933 precario
509 2870 637 2917 victu
668 2872 790 2933 ipsos
829 2871 1050 2919 liberetis.
1133 2870 1212 2916 An
1246 2867 1446 2925 creditis,
1481 2883 1629 2929 aequo

182 2938 336 2985 animo
358 2936 413 2984 iis
436 2936 620 2994 servire,
638 2953 834 2998 quorum
855 2954 986 3000 reges
1008 2952 1107 2984 esse
1128 2934 1410 2983 fastidiunt?
1477 2934 1629 2981 Video

182 3004 418 3053 admoveri
450 3003 652 3051 hostium
686 3005 858 3053 aciem:
911 3005 992 3052 sed
1037 3019 1129 3065 quo
1161 3002 1349 3065 propius
1383 3001 1627 3050 discrimen
