1721 3200
491 190 696 239 LIBER
733 188 1078 250 QUARTUS.
1450 196 1511 242 51

54 325 386 391 intenpestiva
414 326 679 385 inuenerat,
715 342 811 374 non
849 326 1072 376 interiora
1115 328 1253 376 modo
1289 329 1510 392 Aegypti.

57 395 142 444 sed
161 394 304 445 etiam
323 393 621 459 Aethiopiam
653 394 869 443 invisere.
936 395 1198 443 Memnonis
1231 395 1515 458 Tithonique

56 462 290 511 celebrata
308 461 431 523 regia
452 462 802 526 cognoscendae
832 463 1075 511 vetustatis
1098 463 1284 510 avidum
1302 463 1518 512 trahebat

58 544 204 594 paene
223 534 358 578 extra
380 530 599 578 terminos
620 530 745 579 solis.
803 529 896 577 Sed
913 530 1157 578 imminens
1179 531 1366 589 bellum,
1385 530 1516 594 cujus

60 598 208 648 multo
226 596 372 659 major
394 606 632 662 supererat
654 597 813 650 moles.
832 597 1007 646 otiosae
1028 599 1382 660 peregrinationi
1400 606 1517 647 tem·

57 681 172 729 pora
199 673 449 715 exemerat.
517 664 681 728 Itaque
714 666 937 728 Aegypto
976 666 1195 728 praefecit
1230 666 1514 728 Aeschylum

63 732 313 789 Rhodium,
347 739 397 781 et
437 732 692 782 Peucesten
730 733 1048 790 Macedonem,
1083 741 1282 794 quatuor
1316 734 1519 781 millibus

59 801 257 852 miiim
278 799 329 847 in
350 800 629 863 praesidium
651 800 854 863 regionis
876 800 976 862 ejus
998 800 1120 849 datis
1144 818 1156 849 :
1193 801 1395 850 claustra
1418 800 1514 848 Nili

61 869 262 919 fluminis
296 866 597 916 Polemonem
621 869 742 917 tueri
758 868 925 930 jubet;
962 868 1157 930 triginta
1178 868 1239 916 ad
1263 868 1350 916 hoc
1384 869 1518 917 trire-

59 954 155 986 mes
192 937 346 987 datae·
425 935 613 985 Africae
634 936 820 994 deinde,
844 951 962 997 quae
984 937 1206 999 Aegypto
1231 935 1399 997 juncta
1432 943 1519 991 eat,

59 1005 346 1070 premonitus
368 1003 670 1065 Apollonius:
707 1003 1012 1065 vectigalibus
1034 1003 1240 1065 ejusdem
1279 1001 1513 1067 [Africae]

60 1073 373 1137 Aegyptique,
390 1071 676 1120 Cleomenes.
703 1070 778 1119 Ex
794 1071 1004 1119 finitimis
1021 1072 1213 1118 urbibus
1235 1071 1513 1132 commigra-

57 1156 107 1188 re
131 1139 462 1189 Alexandriam
477 1139 632 1202 jussis,
648 1155 814 1187 novam
837 1139 1001 1186 urbem
1024 1154 1193 1200 magna
1216 1138 1518 1187 multitudine

58 1207 279 1271 implevit.
366 1208 509 1256 Fama
542 1214 627 1264 est,
663 1221 805 1268 quum
849 1221 927 1253 rex
973 1205 1101 1252 urbis
1135 1205 1320 1254 futurae
1365 1220 1520 1253 muros

57 1276 259 1339 Ροὶαιιι,
278 1282 334 1325 ut
357 1276 666 1324 Macedonum
688 1290 785 1321 mos
808 1281 893 1331 est,
919 1273 1210 1330 destinasset,
1236 1273 1390 1320 avium
1413 1288 1518 1335 gre·

58 1360 142 1405 ges
161 1343 415 1400 advolasse,
440 1352 489 1391 et
513 1344 702 1406 polenta
725 1357 824 1389 esse
846 1349 1000 1404 pastas
1020 1357 1032 1396 ;
1057 1355 1291 1402 quumque
1312 1340 1362 1387 id
1381 1356 1520 1388 omen

58 1427 145 1474 pro
163 1411 289 1460 tristi
321 1427 351 1459 a
371 1411 600 1474 plerisque
626 1420 747 1458 esset.
769 1415 1022 1471 acceptum,
1049 1408 1340 1470 respondisse
1373 1416 1517 1461 vates.

56 1493 273 1542 magnam
298 1479 423 1527 illam
448 1480 610 1525 urbem
635 1478 726 1525 adv
727 1491 917 1524 enarum
941 1475 1247 1537 frequentiam
1269 1475 1513 1525 culturam.

58 1546 313 1610 multisque
328 1562 430 1595 eam
453 1547 589 1594 terris
612 1545 832 1592 alimenta
856 1543 1188 1606 praebituram.

124 1614 359 1663 xxxm.
396 1614 593 1676 Regem,
618 1628 761 1674 quum
796 1611 999 1658 secundo
1023 1625 1159 1656 amne
1181 1609 1422 1667 deflueret,
1448 1626 1520 1657 as·

54 1681 186 1744 sequi
202 1682 396 1744 cupiens
416 1680 613 1736 Hector,
641 1678 958 1726 Parmenionis
992 1677 1128 1745 filius,
1151 1678 1322 1724 eximio
1355 1678 1521 1726 aetatis

55 1748 222 1805 flore,
209 1763 258 1796 ιιι
283 1748 440 1811 paucis
465 1747 735 1794 Alexandro
759 1761 907 1802 carus,
932 1760 1124 1808 parvum
1149 1744 1387 1823 navigium
1410 1760 1520 1793 con-

55 1816 252 1874 scendit,
276 1815 486 1879 pluribus
518 1830 654 1876 quam
689 1829 854 1876 capere
887 1819 1041 1876 posset
1064 1812 1322 1874 impositis:
1359 1813 1516 1873 itaque

51 1898 205 1932 mersa
227 1883 358 1931 navis
373 1898 535 1931 omnes
558 1881 787 1930 destituit.
845 1879 1024 1928 Hector
1047 1879 1127 1926 diu
1151 1880 1330 1926 flumini
1354 1880 1515 1927 oblue-

53 1958 195 2010 tatu,
228 1965 372 2015 quum
406 1950 597 1998 madeus
631 1949 772 1997 vestis
807 1957 854 1996 et
888 1947 1100 1995 adstricti
1134 1947 1334 2010 crepidis
1369 1946 1510 2010 pedes

57 2025 220 2068 instare
242 2017 555 2081 prohiberent,
593 2017 643 2064 in
667 2018 814 2079 ripam
837 2024 993 2064 tamen
1028 2015 1308 2063 semianimis
1332 2015 1480 2063 evasit
1506 2032 1517 2065 z

57 2094 105 2133 vt
138 2092 194 2135 ut
213 2085 414 2149 primum
435 2085 651 2146 negatus
673 2085 888 2147 spiritum
912 2082 1099 2140 laxavit,
1135 2098 1270 2144 quem
1295 2091 1449 2130 metus
1469 2090 1517 2131 et

59 2153 312 2214 periculum
344 2152 660 2210 intenderant,
684 2152 814 2199 nullo
846 2150 1115 2213 adjuvante,
1151 2150 1343 2214 (quippe
1366 2150 1413 2197 in
1448 2149 1520 2196 di·

57 2235 241 2268 versum
271 2227 513 2269 evaserant
556 2220 632 2268 alii
636 2220 673 2284 ,)
721 2219 1014 2267 exanimatus
1046 2226 1134 2266 est.
1222 2218 1328 2265 Rex
1361 2216 1516 2264 amissi

56 2302 156 2349 qus
189 2286 421 2336 desiderio
465 2286 764 2336 vehementer
813 2286 1010 2335 afflictus
1058 2293 1142 2341 est,
1190 2292 1513 2347 repertumque

57 2368 225 2419 corpus
259 2354 508 2416 magnifico
541 2354 710 2404 extulit
743 2354 919 2401 funere.
987 2353 1214 2400 Oneravit
1238 2352 1363 2398 hunc
1384 2351 1521 2399 dolo

55 2437 153 2471 rem
212 2423 407 2471 nuncius
467 2422 630 2471 mortis
675 2420 1006 2475 Andromachi,
1051 2435 1189 2483 quem
1236 2418 1520 2496 praefecerat

53 2490 254 2555 Syriae;
290 2491 444 2537 vivum
480 2489 738 2539 Samaritae
769 2495 1100 2537 cremaverant.
1192 2486 1271 2533 Ad
1294 2485 1426 2547 eujus
1449 2485 1520 2533 in·

57 2558 248 2608 ten‘tum
282 2557 626 2615 vindicandum,
660 2563 839 2620 quanta
860 2555 1060 2603 maxima
1080 2553 1319 2602 celeritate
1352 2553 1520 2616 potuit

50 2625 314 2683 contendit,
339 2624 697 2686 advenientique
716 2631 829 2673 sunt
840 2622 1001 2672 traditi
1026 2622 1145 2669 tanti
1159 2619 1343 2669 sceleris
1359 2628 1518 2669 aueto-

57 2702 146 2742 ι’.»
215 2692 548 2741 Andromacho
569 2690 741 2739 deinde
765 2690 1018 2739 Memnona
1038 2687 1309 2744 substituit;
1343 2686 1519 2737 affectis

57 2759 296 2824 supplicio,
319 2761 400 2823 qui
415 2766 674 2824 praetorem
697 2758 1041 2807 interemerant.
1111 2755 1374 2819 Tyn-annos,
1393 2755 1517 2803 inter

60 2826 594 2893 “mmmmm
620 2825 933 2874 Aristonicum
950 2837 1000 2873 et
1023 2822 1347 2887 chrysolaum,
1369 2837 1515 2885 popu-

60 2886 233 2945 leth
252 2896 348 2945 suis
367 2895 591 2951 tradidit3
615 2908 731 2956 quos
754 2892 822 2940 ini
843 2892 906 2940 ob
936 2890 1127 2953 injurias
1149 2898 1300 2940 tortos
1322 2903 1517 2936 necave-

61 2965 190 3009 runt·
276 2964 633 3013 Atheniensium
615 2908 853 3014 qudeinde,
885 2957 1176 3007 Rhodiorum
1210 2965 1258 3006 et
1292 2956 1516 3004 Chiorum

61 3025 242 3089 leswe·
250 3030 400 3081 audit.
434 3030 743 3084 Athenienses
766 3026 1005 3076 victoriam
1027 3024 1449 3089 gramhbantur,et
1464 3028 1521 3072 ut
