1721 3200
592 165 802 216 LIBER
824 164 1151 214 ·TERTIUS.
1545 168 1605 216 27

212 302 442 352 XXXIV.
477 303 631 352 Multa
663 301 807 350 millia
829 302 1033 350 virorum
1073 302 1441 365 feminarumque
1475 318 1605 349 exce-

59 387 65 394 ·
146 372 336 421 dentem
368 371 542 435 oppido
565 371 905 434 sequebantur:
930 371 1144 417 omnibus
1162 371 1433 418 miserabilis
1457 372 1607 422 turba,

150 449 333 502 praeter
365 455 477 506 eum⁸
505 438 636 501 cujus
669 438 779 485 fidei
813 438 1058 485 commissa
1089 439 1276 486 fuerat:
1314 437 1485 501 quippe
1519 453 1610 500 quo

148 506 296 570 major
338 507 590 571 proditoris
636 521 809 554 merces
848 506 983 562 foret,
1027 506 1226 569 objicere
1260 506 1383 553 hosti
1416 507 1610 568 parabat

147 575 402 637 gratiorem
433 574 562 622 omni
595 573 792 637 pecunia
823 573 1058 636 praedam,
1095 574 1274 621 nobiles
1308 574 1445 631 viros,
1481 589 1612 636 prae-

145 650 303 704 torum
326 642 462 690 Darii
493 641 715 704 conjuges
747 640 1041 703 liberosque:
1077 648 1262 704 praeter
1306 641 1390 688 hos
1425 642 1608 688 urbium

149 709 435 758 Graecarum
457 709 652 772 legatos,
671 725 785 770 quos
802 706 987 767 DariuS,
1013 708 1142 758 velut
1163 709 1214 755 in
1237 724 1343 756 arce
1365 709 1610 756 tutissima.

147 778 198 825 in
220 778 472 841 proditoris
494 778 745 840 reliquerat
781 777 1009 824 manibus.
1081 777 1328 841 Ganyabas
1346 776 1514 823 Persae
1529 791 1609 824 vo-

147 854 257 893 cant
280 845 485 892 humeris
508 861 652 893 onera
672 850 913 907 portantes
933 861 944 892 :
981 844 1029 891 hi
1053 860 1194 905 quum
1230 844 1378 906 frigus
1413 844 1610 891 tolerare

147 928 242 960 non
267 919 470 975 possent,
499 911 691 976 (quippe
714 922 762 960 et
785 912 986 974 procella
1010 913 1165 960 subito
1190 913 1344 959 nivem
1367 912 1609 959 effuderat.

146 988 195 1029 et
218 980 387 1028 humus
409 980 592 1042 rigebat
613 979 742 1042 gelu)
780 987 880 1027 tum
904 980 1152 1028 adstrictas
1175 987 1340 1036 vestes,
1366 996 1481 1042 quas
1504 996 1607 1026 cum

148 1048 348 1111 pecunia
378 1049 645 1110 portabant,
673 1063 787 1094 auro
821 1055 869 1095 et
903 1063 1106 1109 purpura
1140 1048 1345 1108 insignes
1368 1048 1608 1095 induunt:

147 1115 278 1162 nullo
300 1115 548 1178 prohibere
571 1131 698 1172 auso,
724 1130 864 1175 quum
888 1115 1077 1162 fortuna
1100 1116 1222 1176 regis
1245 1115 1383 1162 etiam
1410 1115 1610 1161 humilli

147 1183 233 1230 mis
266 1182 316 1229 in
336 1183 490 1245 ipsum
523 1182 762 1230 licentiam
794 1182 984 1230 faceret.
1055 1183 1318 1230 Praebuere
1352 1198 1466 1244 ergo
1501 1182 1612 1229 Pm-

146 1250 352 1297 menioni
374 1266 471 1297 non
495 1250 746 1328 spernendi
770 1250 969 1312 agminis
993 1251 1222 1312 speciem:
1261 1251 1341 1312 qui
1365 1251 1616 1298 intentior«

145 1333 260 1365 cura
281 1334 389 1366 suos
411 1319 543 1380 quasi
566 1318 627 1365 ad
655 1318 836 1379 justum
870 1318 1095 1380 praelium
1129 1318 1288 1380 paucis
1323 1318 1613 1367 adhortatus.

145 1386 278 1449 equis
311 1386 507 1433 calcaria
539 1386 738 1433 subdere
764 1386 917 1448 jubet,
942 1394 991 1433 et
1015 1387 1108 1433 acri
1127 1387 1318 1447 impetu
1350 1387 1398 1432 in
1435 1386 1614 1433 hostem

147 1453 318 1501 invehi.
387 1454 456 1502 At
477 1454 545 1500 illi
568 1454 646 1515 qui
670 1455 757 1500 sub
781 1454 1000 1500 oneribus
1024 1460 1172 1509 erant,
1209 1453 1388 1500 omissis
1411 1469 1494 1514 per
1517 1469 1610 1500 me-

148 1528 265 1578 tum,
282 1528 531 1584 capessunt
553 1522 732 1583 fugam.
803 1522 1000 1578 Armati,
1020 1522 1100 1583 qui
1119 1537 1197 1568 eos
1216 1521 1614 1583 prosequebantur

145 1589 314 1639 eodem
347 1596 476 1637 metu
510 1605 637 1635 arma
663 1589 846 1650 jactare
892 1604 945 1635 ac
991 1598 1104 1636 nota
1148 1589 1424 1635 diverticula
1458 1600 1616 1649 peter<-

149 1663 420 1718 coeperunt.
491 1655 759 1704 Praefectus
784 1657 914 1718 quasi
938 1664 986 1703 et
1018 1657 1115 1719 ipse
1139 1657 1420 1704 conterritus
1449 1654 1611 1718 [simu-

150 1722 274 1788 lans]
301 1731 470 1770 cuneta
504 1740 675 1786 pavore
710 1724 1037 1785 compleverat.
1106 1724 1338 1771 ,Iacebant
1362 1724 1474 1771 totis
1497 1741 1618 1771 cam-

149 1792 219 1853 pis
243 1807 352 1853 opes
377 1792 531 1853 regiae
557 1809 566 1838 :
603 1791 682 1837 illa
705 1791 901 1853 pecunia
935 1792 1168 1854 stipendio
1202 1792 1384 1852 ingenti
1419 1792 1614 1839 militnm

147 1868 434 1921 praeparata,
459 1859 538 1905 ille
562 1859 714 1907 cultus
733 1866 803 1906 tot
827 1860 1050 1906 nobilium
1075 1860 1295 1915 virorum,
1322 1867 1394 1906 tot
1428 1859 1616 1906 illustri-

151 1942 226 1972 um
262 1926 550 1983 feminarum,
577 1943 718 1974 aurea
752 1942 873 1983 vasa,
912 1927 1038 1973 aurei
1061 1927 1193 1984 freni,
1217 1926 1515 1975 tabernacula
1550 1943 1597 1973 re

149 1992 245 2055 gali
271 1994 615 2056 magnificentia
637 2000 817 2049 ornata,
854 1994 1066 2041 vehicula
1089 2010 1273 2056 quoqne
1296 2010 1324 2041 a
1346 1994 1440 2041 suis
1475 1995 1616 2042 desti-

150 2068 268 2116 tuta,
293 2060 497 2122 ingentis
519 2062 786 2124 opulentiae
811 2062 946 2123 plena
971 2079 982 2109 :
1018 2063 1156 2110 facies
1181 2063 1320 2110 etiam
1355 2062 1617 2124 praedanti-

153 2129 237 2175 bus
259 2127 420 2185 tristis,
446 2129 484 2175 si
506 2144 598 2190 qua
619 2146 670 2176 re
693 2129 888 2177 avaritia
912 2138 1175 2178 moveretur
1195 2148 1205 2177 :
1244 2130 1416 2192 quippe
1440 2138 1511 2178 tot
1536 2146 1614 2175 an·

150 2211 316 2243 norum
341 2196 600 2243 incredibili
634 2206 681 2245 et
702 2197 843 2244 fidem
877 2198 1132 2246 excedente
1165 2198 1353 2245 fortuna
1376 2198 1621 2244 cumulata.

151 2273 265 2311 tunc
299 2263 389 2310 alia
432 2263 652 2326 stirpibus
694 2266 909 2321 lacerata,
943 2265 1046 2322 alia,
1095 2266 1144 2313 in
1179 2281 1373 2312 coenum
1409 2265 1617 2311 demersa

150 2330 435 2379 eruebantur
460 2348 471 2378 :
508 2347 603 2379 non
626 2333 915 2381 sufficiebant
948 2334 1273 2394 praedantium
1300 2348 1463 2378 manus
1487 2348 1615 2393 prae-

155 2398 257 2446 dae.

222 2465 426 2512 XXXV.
459 2465 659 2527 Jamque
710 2467 849 2515 etiam
891 2468 951 2514 ad
992 2484 1070 2515 eos
1118 2468 1198 2529 qui
1232 2468 1368 2529 primi
1404 2467 1620 2529 fugerant

153 2542 344 2582 ventum
371 2540 485 2581 erat.
559 2532 780 2581 Feminae
814 2534 1060 2598 pleraeque
1094 2547 1260 2597 parvos
1295 2534 1532 2583 trahentes
1567 2536 1618 2581 li-

154 2601 290 2649 beros
322 2601 488 2648 ibant:
538 2601 659 2649 inter
692 2615 806 2662 quas
837 2610 932 2650 tres
966 2604 1095 2650 fuere
1126 2603 1342 2665 virgines,
1387 2602 1506 2651 Ochi
1543 2605 1618 2665 qui

151 2677 262 2716 ante
287 2668 485 2715 Darium
508 2677 779 2729 regnaverat
799 2668 950 2724 filiae;
987 2670 1097 2717 olim
1120 2670 1307 2731 quidem
1343 2686 1401 2718 ex
1434 2671 1621 2732 fastigio

149 2743 345 2798 paterno
394 2752 548 2783 rerum
598 2736 856 2784 mutatione
889 2737 1142 2796 detractae,
1185 2738 1265 2785 sed
1301 2746 1402 2786 tum
1450 2749 1618 2785 sortem

156 2817 312 2850 earum
338 2804 572 2851 crudelius
606 2810 896 2866 aggravante
929 2805 1128 2853 fortuna.
1200 2805 1256 2852 In
1280 2805 1442 2853 eodem
1479 2821 1624 2867 grege

157 2883 274 2917 uxor
329 2887 481 2934 uoque
504 2871 712 2934 ejusdem
739 2871 859 2919 Ochi
883 2871 987 2929 suit,
1012 2871 1327 2933 Oxathrisque
1365 2871 1525 2935 (frater
1551 2872 1623 2918 hi.-

157 2945 259 2984 erat
331 2939 436 3002 arii)
460 2939 570 2997 filia,
591 2946 638 2987 et
672 2938 844 3001 conjux
869 2939 1095 2987 Artabazi
1118 2940 1339 3004 principis
1371 2949 1618 3001 purpurat-

158 3016 312 3062 orum,
332 3013 379 3054 et
396 3006 519 3055 filius
541 3007 618 3056 cui
642 3006 820 3055 Ilioneo
835 3006 924 3056 fuit
947 3022 1131 3056 nomen.
1202 3006 1489 3054 Pharnabazi
1507 3022 1621 3069 quo-
