1721 3200
554 130 760 180 LIBER
795 128 1136 188 QUARTUS.
1510 129 1573 178 63

112 267 285 330 fulgor,
333 267 578 317 sollicitam
621 266 968 330 exspectatione
1003 272 1206 315 mentem
1253 265 1570 314 turbaverant.

122 334 284 397 Igitur,
308 334 404 386 sive
426 335 596 384 dubius
619 334 774 395 animi,
811 333 906 381 sive
928 340 982 382 ut
1005 350 1112 381 suos
1135 333 1439 397 experiretur,
1465 348 1573 381 con-

117 403 267 463 silium
308 402 526 460 adhibet;
573 401 686 465 quid
719 402 945 465 optimum
979 400 1104 450 factu
1140 409 1272 459 esset,
1310 400 1572 465 exquirens.

119 470 374 529 Parmenio,
415 470 715 535 peritissimus
750 470 873 517 inter
907 469 1048 518 duces
1080 470 1249 524 artium
1282 469 1406 527 belli,
1443 469 1569 518 furto

118 537 410 601 nonpraelio
444 537 559 604 opus
593 553 691 587 esse
726 537 971 590 censebat;
1007 537 1286 600 intempesta
1319 544 1456 585 noete
1491 553 1572 600 op-

116 604 254 667 primi
285 622 419 670 posse
433 606 617 654 hostes:
654 605 889 655 discordes
912 604 1132 662 moribus,
1158 605 1346 668 linguis,
1373 604 1433 652 ad
1455 604 1569 652 haec

113 689 273 722 somno
287 681 335 725 et
355 674 604 737 improviso
618 673 822 736 periculo
837 672 1038 729 territos,
1065 673 1253 735 quando
1274 673 1323 720 in
1342 678 1573 720 nocturna

59 741 65 751 “
114 726 421 804 trepidatione
442 736 657 790 ‘coituros
681 741 704 788 t>
771 741 840 788 At
873 740 1077 788 interdiu
1113 741 1312 803 primum
1346 739 1573 788 terribiles

114 824 381 857 occursuras
423 807 563 857 facies
611 807 888 872 Scytharum
933 807 1417 871 Bactrianorumque:
1452 807 1573 856 hirta

112 876 201 923 illis
234 892 328 935 ora,
365 883 413 926 et
454 878 664 927 intonsas
708 892 861 923 comas
907 891 1034 932 esse;
1083 887 1324 938 praeterea
1358 876 1572 923 eximiam

112 952 346 992 vastorum
378 945 750 1007 magnitudinem
786 960 1030 1007 corporum
1057 961 1067 997 ;
1111 944 1242 991 vanis
1276 953 1323 992 et
1357 944 1572 991 inanibus

114 1010 307 1060 militem
351 1013 500 1075 magis
545 1029 682 1074 quam
706 1011 848 1076 justis
882 1011 1141 1059 formidinis
1176 1011 1532 1070 causismoveri
1561 1029 1569 1058 :

113 1078 299 1131 Deinde
343 1086 520 1129 tantam
555 1078 903 1128 multitudinem
939 1079 1247 1127 circumfundi
1280 1079 1573 1142 paucioribus

111 1163 273 1208 posse:
308 1163 405 1215 non
427 1148 476 1194 in
502 1147 692 1196 Ciliciae
725 1147 967 1210 angustiis,
994 1154 1041 1194 et
1075 1148 1212 1195 inviis
1246 1147 1452 1203 callibus,
1491 1147 1572 1194 sed

110 1215 164 1267 in
191 1211 353 1277 aperta
385 1223 433 1263 et
477 1214 572 1264 lata
603 1215 795 1278 planitie
840 1214 1155 1262 dimicandum
1188 1215 1303 1263 fore.
1396 1214 1571 1264 Omnes

110 1277 252 1331 ferme
320 1281 620 1335 Parmenioni
675 1283 991 1331 assentiebant
1017 1300 1026 1329 :
1099 1282 1390 1346 Polypercon
1446 1282 1570 1330 haud

111 1349 252 1397 dubie
283 1345 346 1396 in*
367 1366 421 1398 eo
466 1351 660 1398 consilio
701 1352 899 1412 positam
946 1351 1188 1398 victoriam
1234 1351 1568 1398 arbitrabatur.

112 1419 266 1476 Quem
298 1415 485 1467 intuens
508 1435 590 1467 rex
618 1418 836 1485 (namque
860 1417 1215 1465 Parmenionem
1250 1434 1399 1481 nuper
1422 1418 1571 1465 acrius

109 1501 245 1549 quam
289 1485 428 1535 vellet
460 1487 752 1549 increpitum,
790 1502 948 1532 rursus
983 1486 1209 1546 castigare
1243 1501 1337 1532 non
1373 1486 1571 1534 sustine-

64 1548 68 1551 *
109 1552 227 1618 bat),
265 1553 718 1610 ‘Latrunculorum‚'
753 1553 919 1615 inquit,
960 1558 970 1578 ‘
995 1565 1041 1600 et
1077 1554 1228 1600 furum
1265 1555 1355 1601 ista
1386 1553 1571 1600 solertia

109 1628 194 1677 est,
224 1636 362 1684 quam
383 1622 647 1687 praecipitis
670 1620 812 1668 mihi:
851 1622 1023 1683 quippe
1046 1620 1232 1668 illorum
1267 1630 1429 1668 votum
1465 1621 1569 1667 uni-

110 1704 213 1734 cum
237 1694 308 1736 est
341 1687 517 1735 fallere.
588 1689 722 1735 Meae
756 1704 865 1736 vero
887 1689 1063 1750 gloriae
1087 1704 1266 1751 semper
1290 1696 1371 1736 aut
1405 1689 1570 1735 absen-

112 1756 223 1803 tiam
258 1754 407 1814 Darii,
444 1764 525 1804 aut
559 1757 798 1819 angustias
831 1756 1054 1814 locorum,
1092 1768 1173 1804 aut
1208 1756 1384 1804 furtum
1420 1757 1570 1804 noctis

108 1823 294 1888 obstare
326 1839 422 1870 non
454 1823 638 1887 patiar:
687 1823 837 1887 palam
875 1824 976 1870 luce
1011 1823 1198 1885 aggredi
1249 1832 1427 1871 eertum
1463 1830 1532 1871 est
1560 1842 1568 1870 :

107 1889 229 1940 malo
271 1907 345 1940 me
383 1891 598 1939 fortunae
643 1892 881 1955 poeniteat
928 1908 1066 1954 quam
1114 1891 1333 1939 victoriae
1378 1892 1570 1954 pudeat.

110 1958 185 2006 Ad
209 1959 322 2008 haec
344 1958 462 2007 illud
496 1975 680 2021 quoque
702 1960 913 2015 aceedit;
951 1959 1131 2021 vigilias
1165 1974 1303 2022 agere
1336 1960 1570 2014 barbaros,

107 2033 153 2078 ·.·‚t
176 2024 225 2073 in
249 2025 387 2082 armis
409 2034 545 2085 stare,
572 2036 623 2076 ut
646 2043 705 2074 ne
729 2027 880 2090 decipi
916 2027 1103 2092 quidem
1139 2027 1332 2090 possint,
1359 2042 1567 2090 comper-

106 2104 207 2140 tum
240 2092 405 2160 habeo.
473 2093 637 2158 Itaque
670 2095 731 2143 ad
754 2094 974 2158 praelium
1012 2112 1092 2143 vos
1127 2094 1318 2158 parate.’
1388 2094 1464 2143 Sic
1498 2096 1568 2142 in-

106 2161 274 2210 citatos
296 2158 357 2209 ad
379 2177 574 2226 corpora
596 2163 802 2211 curanda
826 2163 1020 2211 dimisit.

172 2227 228 2277 L.
266 2226 440 2291 Darius
460 2228 590 2287 illud,
611 2231 737 2293 quod
762 2229 1008 2279 Parmenio
1032 2238 1253 2289 suaserat,
1270 2230 1451 2278 hostem
1471 2230 1563 2277 fac-

106 2307 263 2345 turum
286 2313 384 2344 esse
418 2295 696 2359 conjectam,
730 2297 963 2347 fraenatos
998 2315 1139 2362 equos
1163 2309 1301 2355 stare,
1336 2313 1565 2359 magnam-

105 2380 194 2426 que
215 2363 445 2413 exercitus
467 2374 645 2428 partem
666 2364 716 2413 in
739 2365 877 2415 armis
895 2384 1006 2424 esse,
1033 2384 1086 2414 ac
1111 2365 1289 2428 vigilias
1314 2365 1565 2413 intentiore

103 2449 215 2484 cura
247 2432 417 2481 servari
443 2431 662 2494 jusserat.
749 2433 877 2498 Ergo
911 2435 1098 2497 ignibus
1143 2443 1243 2483 tota
1273 2431 1371 2495 ejus
1416 2441 1565 2481 castra

105 2498 363 2565 fulgebant.
432 2497 538 2564 Ipse
572 2516 677 2548 eum
699 2493 895 2550 ducibus
918 2501 1282 2565 propinquisque
1306 2501 1494 2563 agmina
1515 2501 1562 2548 in

103 2567 241 2623 armis
263 2568 489 2616 stantium
511 2567 781 2618 circumibat
804 2586 815 2625 ;
853 2569 1004 2618 Solem
1030 2567 1257 2626 Mithren,
1293 2584 1562 2632 sacrumqm¹

101 2642 152 2699 et
182 2646 422 2693 aeternum
444 2634 665 2683 invocans
688 2634 859 2698 ignem,
884 2645 937 2687 ut
955 2637 1043 2684 illis
1068 2636 1258 2698 dignam
1283 2643 1439 2685 vetere
1460 2636 1561 2699 glo-

104 2698 529 2770 riffimajorumque
562 2702 858 2753 monimentis
891 2704 1213 2753 fortitudinem
1246 2703 1523 2767 inspirarent
1551 2722 1560 2750 :

108 2767 424 2849 Etflffrofecm,
450 2771 490 2818 si
511 2786 603 2835 qua
625 2770 809 2819 divinae
832 2773 932 2835 opis
955 2771 1153 2835 auguria
1173 2770 1376 2820 humana
1410 2782 1562 2818 mente¹

101 2838 282 2907 0οΨΡᾷ
303 2847 504 2910 possent,
530 2836 642 2887 deos
665 2845 788 2887 stare
809 2854 967 2905 secum
989 2857 1008 2897 3v
1040 2839 1145 2889 illos
1167 2855 1317 2902 nuper
1341 2837 1559 2887 Macedo·

105 2918 225 2967 num,-
263 2962 270 2970 .
299 2906 310 2916 ‘
344 2905 375 2966 ‚⁸
422 2907 623 2956 subitam
639 2906 884 2955 incussisse
903 2906 1236 2969 formidinem:
1263 2906 1416 2955 adhuc
1439 2905 1559 2968 lym-

103 2968 291 3039 phaniau
379 2973 421 3021 i·
428 2972 612 3043 agique,
638 2971 767 3032 arma
779 2972 1039 3038 jacientes:
1077 2971 1295 3039 expetere
1327 2970 1560 3037 praesides
