<?xml version="1.0" encoding="UTF-8"?>
<!DOCTYPE html PUBLIC "-//W3C//DTD XHTML 1.0 Transitional//EN"
    "http://www.w3.org/TR/xhtml1/DTD/xhtml1-transitional.dtd">
<html xmlns="http://www.w3.org/1999/xhtml" xml:lang="en" lang="en">
 <head>
  <title>
</title>
<meta http-equiv="Content-Type" content="text/html;charset=utf-8" />
  <meta name='ocr-system' content='tesseract 3.04.00' />
  <meta name='ocr-capabilities' content='ocr_page ocr_carea ocr_par ocr_line ocrx_word'/>
</head>
<body>
  <div class='ocr_page' id='page_1' title='image "./eclogaecurtianae00curtuoft_0076.png"; bbox 0 0 1721 3200; ppageno 0'>
   <div class='ocr_carea' id='block_1_1' title="bbox 183 220 1274 280">
    <p class='ocr_par' dir='ltr' id='par_1_1' title="bbox 183 220 1274 280">
     <span class='ocr_line' id='line_1_1' title="bbox 183 220 1274 280; baseline -0.002 -8"><span class='ocrx_word' id='word_1_1' title='bbox 183 222 245 272; x_wconf 78' lang='lat'>62</span> <span class='ocrx_word' id='word_1_2' title='bbox 566 220 804 280; x_wconf 80' lang='lat' dir='ltr'>QUINTI</span> <span class='ocrx_word' id='word_1_3' title='bbox 840 220 1075 270; x_wconf 90' lang='lat' dir='ltr'><strong>CURTII</strong></span> <span class='ocrx_word' id='word_1_4' title='bbox 1108 220 1274 270; x_wconf 87' lang='lat' dir='ltr'><strong>RUFI</strong></span> 
     </span>
    </p>
   </div>
   <div class='ocr_carea' id='block_1_2' title="bbox 165 344 1677 3109">
    <p class='ocr_par' dir='ltr' id='par_1_2' title="bbox 165 344 1677 3109">
     <span class='ocr_line' id='line_1_2' title="bbox 179 344 1634 422; baseline 0.003 -16"><span class='ocrx_word' id='word_1_5' title='bbox 179 360 359 407; x_wconf 83' lang='lat' dir='ltr'><strong>hostem</strong></span> <span class='ocrx_word' id='word_1_6' title='bbox 403 357 564 420; x_wconf 88' lang='lat' dir='ltr'>procul</span> <span class='ocrx_word' id='word_1_7' title='bbox 608 363 744 406; x_wconf 87' lang='lat' dir='ltr'>stare.</span> <span class='ocrx_word' id='word_1_8' title='bbox 817 357 1026 405; x_wconf 88' lang='lat' dir='ltr'>Tandem</span> <span class='ocrx_word' id='word_1_9' title='bbox 1061 363 1296 420; x_wconf 86' lang='lat' dir='ltr'>compotes</span> <span class='ocrx_word' id='word_1_10' title='bbox 1339 344 1413 406; x_wconf 85' lang='lat' dir='ltr'>sui</span> <span class='ocrx_word' id='word_1_11' title='bbox 1450 359 1634 422; x_wconf 56' lang='lat' dir='ltr'>pariter</span> 
     </span>
     <span class='ocr_line' id='line_1_3' title="bbox 180 424 1626 489; baseline 0.002 -16"><span class='ocrx_word' id='word_1_12' title='bbox 180 442 305 474; x_wconf 86' lang='lat' dir='ltr'>arma</span> <span class='ocrx_word' id='word_1_13' title='bbox 328 431 375 473; x_wconf 93' lang='lat' dir='ltr'>et</span> <span class='ocrx_word' id='word_1_14' title='bbox 392 424 568 472; x_wconf 87' lang='lat' dir='ltr'>animos</span> <span class='ocrx_word' id='word_1_15' title='bbox 612 441 850 488; x_wconf 82' lang='lat' dir='ltr'>recepere3</span> <span class='ocrx_word' id='word_1_16' title='bbox 889 441 974 473; x_wconf 90' lang='lat' dir='ltr'>nec</span> <span class='ocrx_word' id='word_1_17' title='bbox 998 426 1250 488; x_wconf 85' lang='lat' dir='ltr'>quidquam</span> <span class='ocrx_word' id='word_1_18' title='bbox 1284 441 1342 473; x_wconf 87' lang='lat' dir='ltr'>ex</span> <span class='ocrx_word' id='word_1_19' title='bbox 1372 429 1626 489; x_wconf 46' lang='lat' dir='ltr'>praesenti-</span> 
     </span>
     <span class='ocr_line' id='line_1_4' title="bbox 177 492 1567 554; baseline 0 -13"><span class='ocrx_word' id='word_1_20' title='bbox 177 496 263 541; x_wconf 89' lang='lat' dir='ltr'>bus</span> <span class='ocrx_word' id='word_1_21' title='bbox 286 493 434 540; x_wconf 89' lang='lat' dir='ltr'>tutius</span> <span class='ocrx_word' id='word_1_22' title='bbox 451 492 599 539; x_wconf 90' lang='lat' dir='ltr'>visum</span> <span class='ocrx_word' id='word_1_23' title='bbox 622 500 706 550; x_wconf 82' lang='lat' dir='ltr'>est,</span> <span class='ocrx_word' id='word_1_24' title='bbox 725 508 861 554; x_wconf 90' lang='lat' dir='ltr'>quam</span> <span class='ocrx_word' id='word_1_25' title='bbox 883 494 1047 540; x_wconf 88' lang='lat' dir='ltr'>eodem</span> <span class='ocrx_word' id='word_1_26' title='bbox 1070 494 1171 541; x_wconf 91' lang='lat' dir='ltr'>loco</span> <span class='ocrx_word' id='word_1_27' title='bbox 1189 499 1340 541; x_wconf 84' lang='lat' dir='ltr'>castra</span> <span class='ocrx_word' id='word_1_28' title='bbox 1354 494 1567 542; x_wconf 88' lang='lat' dir='ltr'>munire.</span> 
     </span>
     <span class='ocr_line' id='line_1_5' title="bbox 242 551 1628 622; baseline 0.002 -16"><span class='ocrx_word' id='word_1_29' title='bbox 242 559 471 606; x_wconf 92' lang='lat' dir='ltr'><strong>XLVIII.</strong></span> <span class='ocrx_word' id='word_1_30' title='bbox 509 559 702 608; x_wconf 89' lang='lat' dir='ltr'>Postero</span> <span class='ocrx_word' id='word_1_31' title='bbox 747 561 822 608; x_wconf 91' lang='lat' dir='ltr'>die</span> <span class='ocrx_word' id='word_1_32' title='bbox 879 561 1105 618; x_wconf 86' lang='lat' dir='ltr'><strong>Mazaeus,</strong></span> <span class='ocrx_word' id='word_1_33' title='bbox 1165 561 1243 622; x_wconf 89' lang='lat' dir='ltr'>qui</span> <span class='ocrx_word' id='word_1_34' title='bbox 1288 577 1393 608; x_wconf 91' lang='lat' dir='ltr'>cum</span> <span class='ocrx_word' id='word_1_35' title='bbox 1436 551 1628 610; x_wconf 83' lang='lat' dir='ltr'>delectis</span> 
     </span>
     <span class='ocr_line' id='line_1_6' title="bbox 177 627 1627 692; baseline 0.001 -18"><span class='ocrx_word' id='word_1_36' title='bbox 177 628 384 690; x_wconf 87' lang='lat' dir='ltr'>equiturn</span> <span class='ocrx_word' id='word_1_37' title='bbox 416 628 466 674; x_wconf 93' lang='lat' dir='ltr'>in</span> <span class='ocrx_word' id='word_1_38' title='bbox 500 627 625 675; x_wconf 89' lang='lat' dir='ltr'>edito</span> <span class='ocrx_word' id='word_1_39' title='bbox 659 627 789 685; x_wconf 92' lang='lat' dir='ltr'>colle,</span> <span class='ocrx_word' id='word_1_40' title='bbox 826 643 884 674; x_wconf 83' lang='lat' dir='ltr'>ex</span> <span class='ocrx_word' id='word_1_41' title='bbox 917 643 1005 688; x_wconf 89' lang='lat' dir='ltr'>quo</span> <span class='ocrx_word' id='word_1_42' title='bbox 1039 629 1348 676; x_wconf 84' lang='lat' dir='ltr'>Macedonum</span> <span class='ocrx_word' id='word_1_43' title='bbox 1380 629 1627 692; x_wconf 79' lang='lat' dir='ltr'>prospicie—</span> 
     </span>
     <span class='ocr_line' id='line_1_7' title="bbox 177 695 1627 758; baseline 0 -16"><span class='ocrx_word' id='word_1_44' title='bbox 177 697 347 742; x_wconf 85' lang='lat' dir='ltr'>bantur</span> <span class='ocrx_word' id='word_1_45' title='bbox 370 701 532 753; x_wconf 87' lang='lat' dir='ltr'>castra,</span> <span class='ocrx_word' id='word_1_46' title='bbox 559 696 843 751; x_wconf 77' lang='lat' dir='ltr'>consederat,</span> <span class='ocrx_word' id='word_1_47' title='bbox 870 695 966 742; x_wconf 87' lang='lat' dir='ltr'>sive</span> <span class='ocrx_word' id='word_1_48' title='bbox 988 703 1129 753; x_wconf 90' lang='lat' dir='ltr'>metu,</span> <span class='ocrx_word' id='word_1_49' title='bbox 1155 697 1252 743; x_wconf 83' lang='lat' dir='ltr'>sive</span> <span class='ocrx_word' id='word_1_50' title='bbox 1273 696 1379 757; x_wconf 87' lang='lat' dir='ltr'>quia</span> <span class='ocrx_word' id='word_1_51' title='bbox 1402 697 1627 758; x_wconf 86' lang='lat' dir='ltr'>speculari</span> 
     </span>
     <span class='ocr_line' id='line_1_8' title="bbox 175 762 1626 824; baseline 0.001 -15"><span class='ocrx_word' id='word_1_52' title='bbox 175 763 314 810; x_wconf 87' lang='lat' dir='ltr'>modo</span> <span class='ocrx_word' id='word_1_53' title='bbox 341 762 498 824; x_wconf 89' lang='lat' dir='ltr'>jussus</span> <span class='ocrx_word' id='word_1_54' title='bbox 533 770 644 820; x_wconf 87' lang='lat' dir='ltr'>erat,</span> <span class='ocrx_word' id='word_1_55' title='bbox 682 763 741 809; x_wconf 88' lang='lat' dir='ltr'>ad</span> <span class='ocrx_word' id='word_1_56' title='bbox 775 763 973 809; x_wconf 89' lang='lat' dir='ltr'>Darium</span> <span class='ocrx_word' id='word_1_57' title='bbox 997 764 1149 811; x_wconf 87' lang='lat' dir='ltr'>rediit.</span> <span class='ocrx_word' id='word_1_58' title='bbox 1219 763 1498 811; x_wconf 82' lang='lat' dir='ltr'>Macedones</span> <span class='ocrx_word' id='word_1_59' title='bbox 1521 780 1626 812; x_wconf 90' lang='lat' dir='ltr'>eum</span> 
     </span>
     <span class='ocr_line' id='line_1_9' title="bbox 174 830 1625 893; baseline 0.001 -16"><span class='ocrx_word' id='word_1_60' title='bbox 174 832 324 893; x_wconf 88' lang='lat' dir='ltr'>ipsum</span> <span class='ocrx_word' id='word_1_61' title='bbox 358 830 521 877; x_wconf 90' lang='lat' dir='ltr'>collem</span> <span class='ocrx_word' id='word_1_62' title='bbox 553 847 689 893; x_wconf 89' lang='lat' dir='ltr'>quem</span> <span class='ocrx_word' id='word_1_63' title='bbox 712 830 978 878; x_wconf 81' lang='lat' dir='ltr'>deseruerat</span> <span class='ocrx_word' id='word_1_64' title='bbox 1021 837 1398 893; x_wconf 82' lang='lat' dir='ltr'>occupa-verunt:</span> <span class='ocrx_word' id='word_1_65' title='bbox 1435 847 1544 891; x_wconf 85' lang='lat' dir='ltr'>nam</span> <span class='ocrx_word' id='word_1_66' title='bbox 1578 839 1625 879; x_wconf 86' lang='lat' dir='ltr'>et</span> 
     </span>
     <span class='ocr_line' id='line_1_10' title="bbox 173 898 1625 962; baseline -0.002 -15"><span class='ocrx_word' id='word_1_67' title='bbox 173 899 319 947; x_wconf 88' lang='lat' dir='ltr'>tutior</span> <span class='ocrx_word' id='word_1_68' title='bbox 343 898 533 960; x_wconf 81' lang='lat' dir='ltr'>planitie</span> <span class='ocrx_word' id='word_1_69' title='bbox 551 906 662 955; x_wconf 86' lang='lat' dir='ltr'>erat,</span> <span class='ocrx_word' id='word_1_70' title='bbox 685 905 731 946; x_wconf 88' lang='lat' dir='ltr'>et</span> <span class='ocrx_word' id='word_1_71' title='bbox 751 899 861 945; x_wconf 90' lang='lat' dir='ltr'>inde</span> <span class='ocrx_word' id='word_1_72' title='bbox 875 898 993 945; x_wconf 89' lang='lat' dir='ltr'>acies</span> <span class='ocrx_word' id='word_1_73' title='bbox 1015 898 1230 956; x_wconf 87' lang='lat' dir='ltr'>hostium,</span> <span class='ocrx_word' id='word_1_74' title='bbox 1251 906 1368 960; x_wconf 84' lang='lat' dir='ltr'>quae</span> <span class='ocrx_word' id='word_1_75' title='bbox 1391 899 1439 945; x_wconf 91' lang='lat' dir='ltr'>in</span> <span class='ocrx_word' id='word_1_76' title='bbox 1461 914 1625 962; x_wconf 89' lang='lat' dir='ltr'>campo</span> 
     </span>
     <span class='ocr_line' id='line_1_11' title="bbox 175 965 1628 1029; baseline 0.001 -17"><span class='ocrx_word' id='word_1_77' title='bbox 175 966 504 1028; x_wconf 83' lang='lat' dir='ltr'>explicabatur,</span> <span class='ocrx_word' id='word_1_78' title='bbox 531 965 732 1028; x_wconf 83' lang='lat' dir='ltr'>conspici</span> <span class='ocrx_word' id='word_1_79' title='bbox 754 972 953 1027; x_wconf 87' lang='lat' dir='ltr'>poterat.</span> <span class='ocrx_word' id='word_1_80' title='bbox 1024 966 1117 1014; x_wconf 91' lang='lat' dir='ltr'>Sed</span> <span class='ocrx_word' id='word_1_81' title='bbox 1149 967 1309 1027; x_wconf 85' lang='lat' dir='ltr'>caligo,</span> <span class='ocrx_word' id='word_1_82' title='bbox 1336 982 1473 1029; x_wconf 90' lang='lat' dir='ltr'>quam</span> <span class='ocrx_word' id='word_1_83' title='bbox 1504 967 1628 1014; x_wconf 86' lang='lat' dir='ltr'>circa</span> 
     </span>
     <span class='ocr_line' id='line_1_12' title="bbox 174 1033 1623 1096; baseline 0.001 -16"><span class='ocrx_word' id='word_1_84' title='bbox 174 1033 354 1080; x_wconf 82' lang='lat' dir='ltr'>humidi</span> <span class='ocrx_word' id='word_1_85' title='bbox 376 1033 636 1080; x_wconf 85' lang='lat' dir='ltr'>effuderant</span> <span class='ocrx_word' id='word_1_86' title='bbox 659 1040 853 1091; x_wconf 88' lang='lat' dir='ltr'>montes,</span> <span class='ocrx_word' id='word_1_87' title='bbox 879 1033 1138 1080; x_wconf 88' lang='lat' dir='ltr'>universam</span> <span class='ocrx_word' id='word_1_88' title='bbox 1163 1034 1351 1096; x_wconf 89' lang='lat' dir='ltr'>quidem</span> <span class='ocrx_word' id='word_1_89' title='bbox 1372 1033 1440 1080; x_wconf 91' lang='lat' dir='ltr'>rei</span> <span class='ocrx_word' id='word_1_90' title='bbox 1461 1034 1623 1081; x_wconf 80' lang='lat' dir='ltr'>faciem</span> 
     </span>
     <span class='ocr_line' id='line_1_13' title="bbox 174 1101 1624 1162; baseline 0.001 -15"><span class='ocrx_word' id='word_1_91' title='bbox 174 1117 269 1148; x_wconf 90' lang='lat' dir='ltr'>non</span> <span class='ocrx_word' id='word_1_92' title='bbox 293 1101 498 1157; x_wconf 87' lang='lat' dir='ltr'>abstulit,</span> <span class='ocrx_word' id='word_1_93' title='bbox 525 1111 729 1148; x_wconf 86' lang='lat' dir='ltr'>ceterum</span> <span class='ocrx_word' id='word_1_94' title='bbox 763 1102 1000 1162; x_wconf 86' lang='lat' dir='ltr'>agminum</span> <span class='ocrx_word' id='word_1_95' title='bbox 1034 1101 1296 1148; x_wconf 87' lang='lat' dir='ltr'>discrimina</span> <span class='ocrx_word' id='word_1_96' title='bbox 1331 1108 1469 1162; x_wconf 89' lang='lat' dir='ltr'>atque</span> <span class='ocrx_word' id='word_1_97' title='bbox 1500 1101 1624 1148; x_wconf 83' lang='lat' dir='ltr'>ordi-</span> 
     </span>
     <span class='ocr_line' id='line_1_14' title="bbox 174 1167 1626 1230; baseline -0.002 -14"><span class='ocrx_word' id='word_1_98' title='bbox 174 1185 281 1216; x_wconf 91' lang='lat' dir='ltr'>nem</span> <span class='ocrx_word' id='word_1_99' title='bbox 313 1167 552 1230; x_wconf 84' lang='lat' dir='ltr'>prohibuit</span> <span class='ocrx_word' id='word_1_100' title='bbox 585 1168 797 1230; x_wconf 88' lang='lat' dir='ltr'>perspici.</span> <span class='ocrx_word' id='word_1_101' title='bbox 889 1167 1148 1216; x_wconf 79' lang='lat' dir='ltr'>Multitudo</span> <span class='ocrx_word' id='word_1_102' title='bbox 1171 1168 1478 1216; x_wconf 87' lang='lat' dir='ltr'>inundaverat</span> <span class='ocrx_word' id='word_1_103' title='bbox 1501 1183 1626 1216; x_wconf 88' lang='lat' dir='ltr'>cam-</span> 
     </span>
     <span class='ocr_line' id='line_1_15' title="bbox 172 1235 1623 1299; baseline -0.001 -16"><span class='ocrx_word' id='word_1_104' title='bbox 172 1252 294 1299; x_wconf 82' lang='lat' dir='ltr'>pos;</span> <span class='ocrx_word' id='word_1_105' title='bbox 348 1235 645 1297; x_wconf 86' lang='lat' dir='ltr'>fremitusque</span> <span class='ocrx_word' id='word_1_106' title='bbox 678 1244 750 1283; x_wconf 89' lang='lat' dir='ltr'>tot</span> <span class='ocrx_word' id='word_1_107' title='bbox 795 1235 987 1281; x_wconf 90' lang='lat' dir='ltr'>millium</span> <span class='ocrx_word' id='word_1_108' title='bbox 1032 1235 1169 1282; x_wconf 88' lang='lat' dir='ltr'>etiam</span> <span class='ocrx_word' id='word_1_109' title='bbox 1206 1235 1365 1297; x_wconf 89' lang='lat' dir='ltr'>procul</span> <span class='ocrx_word' id='word_1_110' title='bbox 1400 1236 1623 1283; x_wconf 88' lang='lat' dir='ltr'>stantium</span> 
     </span>
     <span class='ocr_line' id='line_1_16' title="bbox 171 1302 1622 1365; baseline 0 -15"><span class='ocrx_word' id='word_1_111' title='bbox 171 1320 302 1355; x_wconf 83' lang='lat' dir='ltr'>aures</span> <span class='ocrx_word' id='word_1_112' title='bbox 325 1303 607 1365; x_wconf 84' lang='lat' dir='ltr'>impleverat.</span> <span class='ocrx_word' id='word_1_113' title='bbox 677 1302 915 1350; x_wconf 82' lang='lat' dir='ltr'>Fluctuari</span> <span class='ocrx_word' id='word_1_114' title='bbox 937 1303 1088 1349; x_wconf 89' lang='lat' dir='ltr'>animo</span> <span class='ocrx_word' id='word_1_115' title='bbox 1112 1319 1206 1359; x_wconf 81' lang='lat' dir='ltr'>rex,</span> <span class='ocrx_word' id='word_1_116' title='bbox 1244 1309 1291 1349; x_wconf 91' lang='lat' dir='ltr'>et</span> <span class='ocrx_word' id='word_1_117' title='bbox 1315 1303 1452 1349; x_wconf 89' lang='lat' dir='ltr'>modo</span> <span class='ocrx_word' id='word_1_118' title='bbox 1476 1318 1622 1359; x_wconf 80' lang='lat' dir='ltr'>suum,</span> 
     </span>
     <span class='ocr_line' id='line_1_17' title="bbox 173 1370 1623 1434; baseline -0.001 -17"><span class='ocrx_word' id='word_1_119' title='bbox 173 1372 310 1418; x_wconf 91' lang='lat' dir='ltr'>modo</span> <span class='ocrx_word' id='word_1_120' title='bbox 336 1370 654 1417; x_wconf 86' lang='lat' dir='ltr'>Parmenionis</span> <span class='ocrx_word' id='word_1_121' title='bbox 690 1371 930 1417; x_wconf 88' lang='lat' dir='ltr'>consilium</span> <span class='ocrx_word' id='word_1_122' title='bbox 965 1386 1063 1416; x_wconf 88' lang='lat' dir='ltr'>sera</span> <span class='ocrx_word' id='word_1_123' title='bbox 1088 1370 1406 1418; x_wconf 83' lang='lat' dir='ltr'>aestimatione</span> <span class='ocrx_word' id='word_1_124' title='bbox 1428 1386 1623 1434; x_wconf 89' lang='lat' dir='ltr'>perpen-</span> 
     </span>
     <span class='ocr_line' id='line_1_18' title="bbox 173 1438 1623 1500; baseline 0.003 -20"><span class='ocrx_word' id='word_1_125' title='bbox 173 1440 308 1494; x_wconf 80' lang='lat' dir='ltr'>‹lere3</span> <span class='ocrx_word' id='word_1_126' title='bbox 346 1438 517 1500; x_wconf 90' lang='lat' dir='ltr'>quippe</span> <span class='ocrx_word' id='word_1_127' title='bbox 541 1453 594 1484; x_wconf 87' lang='lat' dir='ltr'>eo</span> <span class='ocrx_word' id='word_1_128' title='bbox 617 1445 807 1486; x_wconf 81' lang='lat' dir='ltr'>ventum</span> <span class='ocrx_word' id='word_1_129' title='bbox 825 1445 933 1494; x_wconf 87' lang='lat' dir='ltr'>erat,</span> <span class='ocrx_word' id='word_1_130' title='bbox 959 1438 1083 1483; x_wconf 91' lang='lat' dir='ltr'>unde</span> <span class='ocrx_word' id='word_1_131' title='bbox 1106 1439 1247 1500; x_wconf 85' lang='lat' dir='ltr'>recipi</span> <span class='ocrx_word' id='word_1_132' title='bbox 1270 1438 1514 1495; x_wconf 82' lang='lat' dir='ltr'>exercitus,</span> <span class='ocrx_word' id='word_1_133' title='bbox 1534 1439 1623 1484; x_wconf 85' lang='lat' dir='ltr'>nisi</span> 
     </span>
     <span class='ocr_line' id='line_1_19' title="bbox 171 1505 1618 1567; baseline -0.001 -17"><span class='ocrx_word' id='word_1_134' title='bbox 171 1506 328 1563; x_wconf 77' lang='lat' dir='ltr'>victor,</span> <span class='ocrx_word' id='word_1_135' title='bbox 366 1506 463 1552; x_wconf 86' lang='lat' dir='ltr'>sine</span> <span class='ocrx_word' id='word_1_136' title='bbox 498 1505 627 1552; x_wconf 88' lang='lat' dir='ltr'>clade</span> <span class='ocrx_word' id='word_1_137' title='bbox 660 1521 755 1552; x_wconf 90' lang='lat' dir='ltr'>non</span> <span class='ocrx_word' id='word_1_138' title='bbox 791 1513 955 1567; x_wconf 86' lang='lat' dir='ltr'>posset.</span> <span class='ocrx_word' id='word_1_139' title='bbox 1078 1506 1292 1552; x_wconf 74' lang='lat' dir='ltr'>Movebat</span> <span class='ocrx_word' id='word_1_140' title='bbox 1342 1506 1480 1552; x_wconf 87' lang='lat' dir='ltr'>etiam</span> <span class='ocrx_word' id='word_1_141' title='bbox 1514 1521 1618 1552; x_wconf 87' lang='lat' dir='ltr'>eum</span> 
     </span>
     <span class='ocr_line' id='line_1_20' title="bbox 176 1573 1622 1635; baseline 0 -18"><span class='ocrx_word' id='word_1_142' title='bbox 176 1573 426 1620; x_wconf 84' lang='lat' dir='ltr'>multitudo</span> <span class='ocrx_word' id='word_1_143' title='bbox 448 1573 665 1630; x_wconf 88' lang='lat' dir='ltr'>hostium,</span> <span class='ocrx_word' id='word_1_144' title='bbox 690 1581 902 1634; x_wconf 88' lang='lat' dir='ltr'>respectu</span> <span class='ocrx_word' id='word_1_145' title='bbox 926 1574 1060 1635; x_wconf 87' lang='lat' dir='ltr'>pauci</span> <span class='ocrx_word' id='word_1_146' title='bbox 1085 1573 1171 1620; x_wconf 86' lang='lat' dir='ltr'>atis</span> <span class='ocrx_word' id='word_1_147' title='bbox 1196 1589 1304 1620; x_wconf 92' lang='lat' dir='ltr'>suae</span> <span class='ocrx_word' id='word_1_148' title='bbox 1325 1573 1515 1633; x_wconf 87' lang='lat' dir='ltr'>gentis·</span> <span class='ocrx_word' id='word_1_149' title='bbox 1541 1573 1622 1620; x_wconf 84' lang='lat' dir='ltr'>sed</span> 
     </span>
     <span class='ocr_line' id='line_1_21' title="bbox 171 1640 1620 1702; baseline 0 -16"><span class='ocrx_word' id='word_1_150' title='bbox 171 1641 406 1688; x_wconf 89' lang='lat' dir='ltr'>interdum</span> <span class='ocrx_word' id='word_1_151' title='bbox 428 1641 687 1702; x_wconf 87' lang='lat' dir='ltr'>reputabat,</span> <span class='ocrx_word' id='word_1_152' title='bbox 724 1648 917 1700; x_wconf 86' lang='lat' dir='ltr'>quantas</span> <span class='ocrx_word' id='word_1_153' title='bbox 941 1657 1012 1686; x_wconf 84' lang='lat' dir='ltr'>res</span> <span class='ocrx_word' id='word_1_154' title='bbox 1047 1655 1151 1686; x_wconf 88' lang='lat' dir='ltr'>cum</span> <span class='ocrx_word' id='word_1_155' title='bbox 1174 1640 1260 1687; x_wconf 87' lang='lat' dir='ltr'>hac</span> <span class='ocrx_word' id='word_1_156' title='bbox 1280 1647 1422 1701; x_wconf 87' lang='lat' dir='ltr'>gente</span> <span class='ocrx_word' id='word_1_157' title='bbox 1455 1640 1620 1701; x_wconf 80' lang='lat' dir='ltr'>gessis-</span> 
     </span>
     <span class='ocr_line' id='line_1_22' title="bbox 172 1688 1620 1770; baseline -0.001 -16"><span class='ocrx_word' id='word_1_158' title='bbox 172 1715 254 1764; x_wconf 87' lang='lat' dir='ltr'>set,</span> <span class='ocrx_word' id='word_1_159' title='bbox 290 1714 578 1769; x_wconf 90' lang='lat' dir='ltr'>quantosque</span> <span class='ocrx_word' id='word_1_160' title='bbox 615 1708 808 1770; x_wconf 91' lang='lat' dir='ltr'>populos</span> <span class='ocrx_word' id='word_1_161' title='bbox 840 1708 1045 1754; x_wconf 82' lang='lat' dir='ltr'>fudisset.</span> <span class='ocrx_word' id='word_1_162' title='bbox 1099 1688 1299 1769; x_wconf 72' lang='lat' dir='ltr'>⁸Itaque</span> <span class='ocrx_word' id='word_1_163' title='bbox 1331 1723 1474 1769; x_wconf 90' lang='lat' dir='ltr'>quum</span> <span class='ocrx_word' id='word_1_164' title='bbox 1519 1723 1620 1770; x_wconf 86' lang='lat' dir='ltr'>spes</span> 
     </span>
     <span class='ocr_line' id='line_1_23' title="bbox 173 1774 1622 1837; baseline 0 -17"><span class='ocrx_word' id='word_1_165' title='bbox 173 1781 346 1822; x_wconf 90' lang='lat' dir='ltr'>metum</span> <span class='ocrx_word' id='word_1_166' title='bbox 381 1775 599 1832; x_wconf 80' lang='lat' dir='ltr'>vinceret,</span> <span class='ocrx_word' id='word_1_167' title='bbox 635 1775 933 1837; x_wconf 88' lang='lat' dir='ltr'>periculosius</span> <span class='ocrx_word' id='word_1_168' title='bbox 967 1775 1138 1821; x_wconf 89' lang='lat' dir='ltr'>bellum</span> <span class='ocrx_word' id='word_1_169' title='bbox 1171 1774 1355 1821; x_wconf 85' lang='lat' dir='ltr'>differre</span> <span class='ocrx_word' id='word_1_170' title='bbox 1386 1783 1530 1832; x_wconf 84' lang='lat' dir='ltr'>ratus,</span> <span class='ocrx_word' id='word_1_171' title='bbox 1562 1790 1622 1821; x_wconf 89' lang='lat' dir='ltr'>ne</span> 
     </span>
     <span class='ocr_line' id='line_1_24' title="bbox 173 1842 1620 1904; baseline -0.001 -16"><span class='ocrx_word' id='word_1_172' title='bbox 173 1842 432 1904; x_wconf 87' lang='lat' dir='ltr'>desperatio</span> <span class='ocrx_word' id='word_1_173' title='bbox 467 1843 559 1890; x_wconf 89' lang='lat' dir='ltr'>suis</span> <span class='ocrx_word' id='word_1_174' title='bbox 583 1850 806 1890; x_wconf 88' lang='lat' dir='ltr'>cresceret</span> <span class='ocrx_word' id='word_1_175' title='bbox 832 1859 841 1897; x_wconf 92' lang='grc'>;</span> <span class='ocrx_word' id='word_1_176' title='bbox 878 1842 1163 1889; x_wconf 85' lang='lat' dir='ltr'>dissimulato</span> <span class='ocrx_word' id='word_1_177' title='bbox 1195 1858 1264 1899; x_wconf 89' lang='lat' dir='ltr'>eo,</span> <span class='ocrx_word' id='word_1_178' title='bbox 1289 1843 1620 1899; x_wconf 84' lang='lat' dir='ltr'>mercenarium</span> 
     </span>
     <span class='ocr_line' id='line_1_25' title="bbox 172 1908 1618 1972; baseline -0.001 -17"><span class='ocrx_word' id='word_1_179' title='bbox 172 1910 370 1970; x_wconf 89' lang='lat' dir='ltr'>equitem</span> <span class='ocrx_word' id='word_1_180' title='bbox 393 1926 450 1956; x_wconf 79' lang='lat' dir='ltr'>ex</span> <span class='ocrx_word' id='word_1_181' title='bbox 476 1910 677 1957; x_wconf 91' lang='lat' dir='ltr'>Paeonia</span> <span class='ocrx_word' id='word_1_182' title='bbox 698 1911 972 1972; x_wconf 89' lang='lat' dir='ltr'>praecedere</span> <span class='ocrx_word' id='word_1_183' title='bbox 988 1909 1138 1971; x_wconf 90' lang='lat' dir='ltr'>jubet.</span> <span class='ocrx_word' id='word_1_184' title='bbox 1209 1909 1314 1970; x_wconf 87' lang='lat' dir='ltr'>Ipse</span> <span class='ocrx_word' id='word_1_185' title='bbox 1335 1908 1618 1969; x_wconf 85' lang='lat' dir='ltr'>phalangem,</span> 
     </span>
     <span class='ocr_line' id='line_1_26' title="bbox 170 1976 1677 2036; baseline -0.001 -14"><span class='ocrx_word' id='word_1_186' title='bbox 170 1977 289 2024; x_wconf 83' lang='lat' dir='ltr'>sicut</span> <span class='ocrx_word' id='word_1_187' title='bbox 303 1984 441 2024; x_wconf 90' lang='lat' dir='ltr'>antea</span> <span class='ocrx_word' id='word_1_188' title='bbox 459 1977 633 2024; x_wconf 90' lang='lat' dir='ltr'>dictum</span> <span class='ocrx_word' id='word_1_189' title='bbox 648 1984 731 2036; x_wconf 83' lang='lat' dir='ltr'>est,</span> <span class='ocrx_word' id='word_1_190' title='bbox 749 1978 798 2024; x_wconf 92' lang='lat' dir='ltr'>in</span> <span class='ocrx_word' id='word_1_191' title='bbox 816 1977 909 2023; x_wconf 91' lang='lat' dir='ltr'>duo</span> <span class='ocrx_word' id='word_1_192' title='bbox 932 1992 1103 2023; x_wconf 86' lang='lat' dir='ltr'>cornua</span> <span class='ocrx_word' id='word_1_193' title='bbox 1121 1976 1393 2023; x_wconf 82' lang='lat' dir='ltr'>extenderat</span> <span class='ocrx_word' id='word_1_194' title='bbox 1412 1992 1422 2022; x_wconf 93' lang='lat'>:</span> <span class='ocrx_word' id='word_1_195' title='bbox 1445 1982 1617 2023; x_wconf 86' lang='lat' dir='ltr'>utrum·</span> <span class='ocrx_word' id='word_1_196' title='bbox 1670 1980 1677 1990; x_wconf 88' lang='lat'>&#39;</span> 
     </span>
     <span class='ocr_line' id='line_1_27' title="bbox 172 2043 1619 2106; baseline 0 -16"><span class='ocrx_word' id='word_1_197' title='bbox 172 2059 259 2104; x_wconf 90' lang='lat' dir='ltr'>que</span> <span class='ocrx_word' id='word_1_198' title='bbox 282 2060 425 2091; x_wconf 88' lang='lat' dir='ltr'>cornu</span> <span class='ocrx_word' id='word_1_199' title='bbox 448 2045 623 2104; x_wconf 88' lang='lat' dir='ltr'>equites</span> <span class='ocrx_word' id='word_1_200' title='bbox 655 2045 889 2106; x_wconf 86' lang='lat' dir='ltr'>tegebant.</span> <span class='ocrx_word' id='word_1_201' title='bbox 958 2044 1153 2103; x_wconf 82' lang='lat' dir='ltr'>Jamque</span> <span class='ocrx_word' id='word_1_202' title='bbox 1186 2043 1377 2090; x_wconf 86' lang='lat' dir='ltr'>nitidior</span> <span class='ocrx_word' id='word_1_203' title='bbox 1399 2043 1492 2098; x_wconf 83' lang='lat' dir='ltr'>lux,</span> <span class='ocrx_word' id='word_1_204' title='bbox 1527 2043 1619 2090; x_wconf 82' lang='lat' dir='ltr'>dis-</span> 
     </span>
     <span class='ocr_line' id='line_1_28' title="bbox 173 2110 1617 2172; baseline 0 -15"><span class='ocrx_word' id='word_1_205' title='bbox 173 2126 303 2157; x_wconf 84' lang='lat' dir='ltr'>cussa</span> <span class='ocrx_word' id='word_1_206' title='bbox 325 2112 531 2172; x_wconf 83' lang='lat' dir='ltr'>caligine,</span> <span class='ocrx_word' id='word_1_207' title='bbox 559 2112 702 2158; x_wconf 86' lang='lat' dir='ltr'>aciem</span> <span class='ocrx_word' id='word_1_208' title='bbox 725 2112 923 2159; x_wconf 89' lang='lat' dir='ltr'>hostium</span> <span class='ocrx_word' id='word_1_209' title='bbox 940 2111 1205 2158; x_wconf 88' lang='lat' dir='ltr'>ostenderat</span> <span class='ocrx_word' id='word_1_210' title='bbox 1225 2129 1234 2157; x_wconf 96' lang='lat'><strong>:</strong></span> <span class='ocrx_word' id='word_1_211' title='bbox 1263 2119 1310 2157; x_wconf 90' lang='lat' dir='ltr'>et</span> <span class='ocrx_word' id='word_1_212' title='bbox 1324 2110 1617 2166; x_wconf 87' lang='lat' dir='ltr'>Macedones,</span> 
     </span>
     <span class='ocr_line' id='line_1_29' title="bbox 172 2178 1616 2240; baseline 0 -16"><span class='ocrx_word' id='word_1_213' title='bbox 172 2178 267 2225; x_wconf 88' lang='lat' dir='ltr'>sive</span> <span class='ocrx_word' id='word_1_214' title='bbox 311 2179 560 2235; x_wconf 86' lang='lat' dir='ltr'>alacritate,</span> <span class='ocrx_word' id='word_1_215' title='bbox 609 2179 702 2225; x_wconf 83' lang='lat' dir='ltr'>sive</span> <span class='ocrx_word' id='word_1_216' title='bbox 748 2179 900 2226; x_wconf 88' lang='lat' dir='ltr'>taedio</span> <span class='ocrx_word' id='word_1_217' title='bbox 943 2178 1309 2240; x_wconf 80' lang='lat' dir='ltr'>exspectationis,</span> <span class='ocrx_word' id='word_1_218' title='bbox 1367 2178 1616 2239; x_wconf 86' lang='lat' dir='ltr'>ingentem,</span> 
     </span>
     <span class='ocr_line' id='line_1_30' title="bbox 175 2244 1618 2308; baseline -0.001 -16"><span class='ocrx_word' id='word_1_219' title='bbox 175 2246 487 2308; x_wconf 85' lang='lat' dir='ltr'>pugnantium</span> <span class='ocrx_word' id='word_1_220' title='bbox 519 2262 659 2302; x_wconf 90' lang='lat' dir='ltr'>more,</span> <span class='ocrx_word' id='word_1_221' title='bbox 697 2246 882 2292; x_wconf 89' lang='lat' dir='ltr'>edidere</span> <span class='ocrx_word' id='word_1_222' title='bbox 916 2246 1172 2292; x_wconf 85' lang='lat' dir='ltr'>clamorem.</span> <span class='ocrx_word' id='word_1_223' title='bbox 1240 2244 1475 2292; x_wconf 86' lang='lat' dir='ltr'>Redditus</span> <span class='ocrx_word' id='word_1_224' title='bbox 1509 2250 1557 2293; x_wconf 85' lang='lat' dir='ltr'>ct</span> <span class='ocrx_word' id='word_1_225' title='bbox 1592 2262 1618 2291; x_wconf 87' lang='lat' dir='ltr'>a</span> 
     </span>
     <span class='ocr_line' id='line_1_31' title="bbox 176 2312 1617 2375; baseline -0.001 -16"><span class='ocrx_word' id='word_1_226' title='bbox 176 2313 330 2359; x_wconf 87' lang='lat' dir='ltr'>Persis</span> <span class='ocrx_word' id='word_1_227' title='bbox 374 2328 562 2359; x_wconf 88' lang='lat' dir='ltr'>nemora</span> <span class='ocrx_word' id='word_1_228' title='bbox 610 2313 838 2375; x_wconf 87' lang='lat' dir='ltr'>vallesque</span> <span class='ocrx_word' id='word_1_229' title='bbox 885 2314 1199 2375; x_wconf 88' lang='lat' dir='ltr'>circumjectas</span> <span class='ocrx_word' id='word_1_230' title='bbox 1255 2312 1449 2362; x_wconf 54' lang='lat' dir='ltr'>terribili</span> <span class='ocrx_word' id='word_1_231' title='bbox 1504 2327 1617 2358; x_wconf 90' lang='lat' dir='ltr'>sono</span> 
     </span>
     <span class='ocr_line' id='line_1_32' title="bbox 173 2380 1618 2442; baseline 0.001 -17"><span class='ocrx_word' id='word_1_232' title='bbox 173 2380 459 2442; x_wconf 89' lang='lat' dir='ltr'>impleverat.</span> <span class='ocrx_word' id='word_1_233' title='bbox 526 2381 625 2427; x_wconf 89' lang='lat' dir='ltr'>Nec</span> <span class='ocrx_word' id='word_1_234' title='bbox 663 2381 761 2442; x_wconf 86' lang='lat' dir='ltr'>jam</span> <span class='ocrx_word' id='word_1_235' title='bbox 807 2381 1032 2427; x_wconf 88' lang='lat' dir='ltr'>contineri</span> <span class='ocrx_word' id='word_1_236' title='bbox 1080 2380 1356 2427; x_wconf 87' lang='lat' dir='ltr'>Macedones</span> <span class='ocrx_word' id='word_1_237' title='bbox 1389 2387 1618 2441; x_wconf 87' lang='lat' dir='ltr'>poterant,</span> 
     </span>
     <span class='ocr_line' id='line_1_33' title="bbox 175 2446 1618 2511; baseline -0.001 -18"><span class='ocrx_word' id='word_1_238' title='bbox 175 2448 284 2506; x_wconf 90' lang='lat' dir='ltr'>quin</span> <span class='ocrx_word' id='word_1_239' title='bbox 318 2463 454 2494; x_wconf 88' lang='lat' dir='ltr'>cursu</span> <span class='ocrx_word' id='word_1_240' title='bbox 488 2462 669 2510; x_wconf 91' lang='lat' dir='ltr'>quoque</span> <span class='ocrx_word' id='word_1_241' title='bbox 704 2449 763 2494; x_wconf 89' lang='lat' dir='ltr'>ad</span> <span class='ocrx_word' id='word_1_242' title='bbox 795 2448 971 2495; x_wconf 81' lang='lat' dir='ltr'>hostem</span> <span class='ocrx_word' id='word_1_243' title='bbox 1007 2446 1381 2511; x_wconf 68' lang='lat' dir='ltr'>contenderent]</span> <span class='ocrx_word' id='word_1_244' title='bbox 1452 2446 1618 2505; x_wconf 83' lang='lat' dir='ltr'>Melius</span> 
     </span>
     <span class='ocr_line' id='line_1_34' title="bbox 175 2512 1616 2571; baseline -0.002 -12"><span class='ocrx_word' id='word_1_245' title='bbox 175 2514 326 2561; x_wconf 91' lang='lat' dir='ltr'>adhuc</span> <span class='ocrx_word' id='word_1_246' title='bbox 370 2521 498 2562; x_wconf 88' lang='lat' dir='ltr'>ratus</span> <span class='ocrx_word' id='word_1_247' title='bbox 542 2516 590 2561; x_wconf 91' lang='lat' dir='ltr'>in</span> <span class='ocrx_word' id='word_1_248' title='bbox 625 2516 786 2562; x_wconf 88' lang='lat' dir='ltr'>eodem</span> <span class='ocrx_word' id='word_1_249' title='bbox 819 2516 999 2562; x_wconf 86' lang='lat' dir='ltr'>tumulo</span> <span class='ocrx_word' id='word_1_250' title='bbox 1034 2522 1183 2563; x_wconf 89' lang='lat' dir='ltr'>castra</span> <span class='ocrx_word' id='word_1_251' title='bbox 1217 2516 1411 2571; x_wconf 88' lang='lat' dir='ltr'>munire,</span> <span class='ocrx_word' id='word_1_252' title='bbox 1445 2512 1616 2558; x_wconf 83' lang='lat' dir='ltr'>vallum</span> 
     </span>
     <span class='ocr_line' id='line_1_35' title="bbox 165 2578 1612 2645; baseline -0.001 -20"><span class='ocrx_word' id='word_1_253' title='bbox 165 2580 259 2641; x_wconf 88' lang='lat' dir='ltr'>jaci</span> <span class='ocrx_word' id='word_1_254' title='bbox 273 2581 444 2641; x_wconf 87' lang='lat' dir='ltr'>jussit:</span> <span class='ocrx_word' id='word_1_255' title='bbox 480 2589 756 2643; x_wconf 84' lang='lat' dir='ltr'>strenueque</span> <span class='ocrx_word' id='word_1_256' title='bbox 778 2598 914 2645; x_wconf 87' lang='lat' dir='ltr'>opere</span> <span class='ocrx_word' id='word_1_257' title='bbox 938 2582 1193 2644; x_wconf 87' lang='lat' dir='ltr'>perfecto,</span> <span class='ocrx_word' id='word_1_258' title='bbox 1179 2598 1229 2629; x_wconf 88' lang='lat' dir='ltr'>m</span> <span class='ocrx_word' id='word_1_259' title='bbox 1251 2578 1612 2634; x_wconf 77' lang='lat' dir='ltr'>tabernaculum,</span> 
     </span>
     <span class='ocr_line' id='line_1_36' title="bbox 174 2648 1450 2711; baseline -0.001 -18"><span class='ocrx_word' id='word_1_260' title='bbox 174 2662 230 2693; x_wconf 87' lang='lat' dir='ltr'>ex</span> <span class='ocrx_word' id='word_1_261' title='bbox 254 2663 345 2707; x_wconf 91' lang='lat' dir='ltr'>quo</span> <span class='ocrx_word' id='word_1_262' title='bbox 368 2656 467 2696; x_wconf 90' lang='lat' dir='ltr'>tota</span> <span class='ocrx_word' id='word_1_263' title='bbox 490 2650 608 2696; x_wconf 86' lang='lat' dir='ltr'>acies</span> <span class='ocrx_word' id='word_1_264' title='bbox 631 2650 831 2698; x_wconf 89' lang='lat' dir='ltr'>hostium</span> <span class='ocrx_word' id='word_1_265' title='bbox 854 2650 1228 2711; x_wconf 85' lang='lat' dir='ltr'>conspiciebatur,</span> <span class='ocrx_word' id='word_1_266' title='bbox 1252 2648 1450 2696; x_wconf 88' lang='lat' dir='ltr'>secessit.</span> 
     </span>
     <span class='ocr_line' id='line_1_37' title="bbox 240 2710 1614 2764; baseline -0.001 -5"><span class='ocrx_word' id='word_1_267' title='bbox 240 2713 417 2760; x_wconf 87' lang='lat' dir='ltr'><strong>XLIX.</strong></span> <span class='ocrx_word' id='word_1_268' title='bbox 455 2717 529 2762; x_wconf 84' lang='lat'>13.</span> <span class='ocrx_word' id='word_1_269' title='bbox 571 2718 690 2763; x_wconf 89' lang='lat' dir='ltr'>Tum</span> <span class='ocrx_word' id='word_1_270' title='bbox 748 2733 856 2763; x_wconf 86' lang='lat' dir='ltr'>vero</span> <span class='ocrx_word' id='word_1_271' title='bbox 890 2718 1101 2763; x_wconf 84' lang='lat' dir='ltr'>universa</span> <span class='ocrx_word' id='word_1_272' title='bbox 1156 2717 1299 2764; x_wconf 85' lang='lat' dir='ltr'>futuri</span> <span class='ocrx_word' id='word_1_273' title='bbox 1333 2710 1614 2760; x_wconf 63' lang='lat' dir='ltr'>mseriminis</span> 
     </span>
     <span class='ocr_line' id='line_1_38' title="bbox 172 2780 1616 2844; baseline -0.001 -16"><span class='ocrx_word' id='word_1_274' title='bbox 172 2781 309 2828; x_wconf 85' lang='lat' dir='ltr'>facies</span> <span class='ocrx_word' id='word_1_275' title='bbox 354 2780 404 2826; x_wconf 86' lang='lat' dir='ltr'>in</span> <span class='ocrx_word' id='word_1_276' title='bbox 451 2784 593 2830; x_wconf 85' lang='lat' dir='ltr'>oculis</span> <span class='ocrx_word' id='word_1_277' title='bbox 642 2789 770 2831; x_wconf 88' lang='lat' dir='ltr'>erat:</span> <span class='ocrx_word' id='word_1_278' title='bbox 821 2784 956 2830; x_wconf 87' lang='lat' dir='ltr'>armis</span> <span class='ocrx_word' id='word_1_279' title='bbox 1004 2783 1261 2844; x_wconf 86' lang='lat' dir='ltr'>insignibus</span> <span class='ocrx_word' id='word_1_280' title='bbox 1293 2782 1397 2841; x_wconf 91' lang='lat' dir='ltr'>equi</span> <span class='ocrx_word' id='word_1_281' title='bbox 1441 2780 1616 2840; x_wconf 84' lang='lat' dir='ltr'>virique</span> 
     </span>
     <span class='ocr_line' id='line_1_39' title="bbox 177 2847 1614 2910; baseline -0.001 -16"><span class='ocrx_word' id='word_1_282' title='bbox 177 2847 479 2910; x_wconf 85' lang='lat' dir='ltr'>splendebant</span> <span class='ocrx_word' id='word_1_283' title='bbox 506 2866 515 2894; x_wconf 91' lang='lat'>:</span> <span class='ocrx_word' id='word_1_284' title='bbox 554 2860 599 2897; x_wconf 88' lang='lat' dir='ltr'>et</span> <span class='ocrx_word' id='word_1_285' title='bbox 623 2851 775 2897; x_wconf 87' lang='lat' dir='ltr'>omnia</span> <span class='ocrx_word' id='word_1_286' title='bbox 807 2851 1054 2898; x_wconf 88' lang='lat' dir='ltr'>intentiore</span> <span class='ocrx_word' id='word_1_287' title='bbox 1077 2865 1188 2905; x_wconf 82' lang='lat' dir='ltr'>cura</span> <span class='ocrx_word' id='word_1_288' title='bbox 1208 2848 1468 2910; x_wconf 85' lang='lat' dir='ltr'>praeparari</span> <span class='ocrx_word' id='word_1_289' title='bbox 1489 2847 1614 2909; x_wconf 87' lang='lat' dir='ltr'>apud</span> 
     </span>
     <span class='ocr_line' id='line_1_40' title="bbox 176 2915 1614 2980; baseline -0.001 -19"><span class='ocrx_word' id='word_1_290' title='bbox 176 2916 370 2971; x_wconf 84' lang='lat' dir='ltr'>hostem,</span> <span class='ocrx_word' id='word_1_291' title='bbox 396 2915 658 2964; x_wconf 87' lang='lat' dir='ltr'>sollicitudo</span> <span class='ocrx_word' id='word_1_292' title='bbox 680 2925 944 2980; x_wconf 89' lang='lat' dir='ltr'>praetorum</span> <span class='ocrx_word' id='word_1_293' title='bbox 968 2917 1151 2978; x_wconf 86' lang='lat' dir='ltr'>agmina</span> <span class='ocrx_word' id='word_1_294' title='bbox 1173 2931 1255 2962; x_wconf 88' lang='lat' dir='ltr'>sua</span> <span class='ocrx_word' id='word_1_295' title='bbox 1284 2915 1614 2976; x_wconf 88' lang='lat' dir='ltr'>interequitan-</span> 
     </span>
     <span class='ocr_line' id='line_1_41' title="bbox 176 2981 1623 3046; baseline -0.001 -18"><span class='ocrx_word' id='word_1_296' title='bbox 176 2982 294 3029; x_wconf 86' lang='lat' dir='ltr'>tium</span> <span class='ocrx_word' id='word_1_297' title='bbox 328 2982 613 3030; x_wconf 82' lang='lat' dir='ltr'>ostendebat.</span> <span class='ocrx_word' id='word_1_298' title='bbox 683 2984 756 3031; x_wconf 86' lang='lat' dir='ltr'>Ac</span> <span class='ocrx_word' id='word_1_299' title='bbox 789 2985 1004 3046; x_wconf 86' lang='lat' dir='ltr'>pleraque</span> <span class='ocrx_word' id='word_1_300' title='bbox 1036 2982 1203 3039; x_wconf 88' lang='lat' dir='ltr'>inania,</span> <span class='ocrx_word' id='word_1_301' title='bbox 1245 2983 1364 3030; x_wconf 86' lang='lat' dir='ltr'>sicut</span> <span class='ocrx_word' id='word_1_302' title='bbox 1406 2981 1623 3028; x_wconf 59' lang='lat' dir='ltr'>fremitus</span> 
     </span>
     <span class='ocr_line' id='line_1_42' title="bbox 178 3047 1613 3109; baseline -0.002 -14"><span class='ocrx_word' id='word_1_303' title='bbox 178 3049 428 3107; x_wconf 87' lang='lat' dir='ltr'>hominum,</span> <span class='ocrx_word' id='word_1_304' title='bbox 465 3064 682 3109; x_wconf 87' lang='lat' dir='ltr'>equorum</span> <span class='ocrx_word' id='word_1_305' title='bbox 717 3051 938 3109; x_wconf 85' lang='lat' dir='ltr'>hinnitus,</span> <span class='ocrx_word' id='word_1_306' title='bbox 975 3065 1201 3096; x_wconf 87' lang='lat' dir='ltr'>armorum</span> <span class='ocrx_word' id='word_1_307' title='bbox 1247 3047 1613 3098; x_wconf 77' lang='lat' dir='ltr'>internitentium</span> 
     </span>
    </p>
   </div>
  </div>
 </body>
</html>
