<?xml version="1.0" encoding="UTF-8"?>
<!DOCTYPE html PUBLIC "-//W3C//DTD XHTML 1.0 Transitional//EN"
    "http://www.w3.org/TR/xhtml1/DTD/xhtml1-transitional.dtd">
<html xmlns="http://www.w3.org/1999/xhtml" xml:lang="en" lang="en">
 <head>
  <title>
</title>
<meta http-equiv="Content-Type" content="text/html;charset=utf-8" />
  <meta name='ocr-system' content='tesseract 3.04.00' />
  <meta name='ocr-capabilities' content='ocr_page ocr_carea ocr_par ocr_line ocrx_word'/>
</head>
<body>
  <div class='ocr_page' id='page_1' title='image "./eclogaecurtianae00curtuoft_0036.png"; bbox 0 0 1721 3200; ppageno 0'>
   <div class='ocr_carea' id='block_1_1' title="bbox 111 141 1191 199">
    <p class='ocr_par' dir='ltr' id='par_1_1' title="bbox 111 141 1191 199">
     <span class='ocr_line' id='line_1_1' title="bbox 111 141 1191 199; baseline 0.007 -15"><span class='ocrx_word' id='word_1_1' title='bbox 111 141 173 185; x_wconf 76' lang='lat'>22</span> <span class='ocrx_word' id='word_1_2' title='bbox 481 141 719 199; x_wconf 83' lang='lat' dir='ltr'><strong>QUINTI</strong></span> <span class='ocrx_word' id='word_1_3' title='bbox 755 143 992 192; x_wconf 84' lang='lat' dir='ltr'>CURTII</span> <span class='ocrx_word' id='word_1_4' title='bbox 1014 143 1191 192; x_wconf 65' lang='lat' dir='ltr'>RUFI</span> 
     </span>
    </p>
   </div>
   <div class='ocr_carea' id='block_1_2' title="bbox 97 278 1586 3019">
    <p class='ocr_par' dir='ltr' id='par_1_2' title="bbox 105 278 1560 742">
     <span class='ocr_line' id='line_1_2' title="bbox 107 278 1558 342; baseline 0.006 -23"><span class='ocrx_word' id='word_1_5' title='bbox 107 289 239 321; x_wconf 81' lang='lat' dir='ltr'>verso</span> <span class='ocrx_word' id='word_1_6' title='bbox 272 291 459 337; x_wconf 86' lang='lat' dir='ltr'>corpore</span> <span class='ocrx_word' id='word_1_7' title='bbox 493 278 756 326; x_wconf 79' lang='lat' dir='ltr'>vulneribus</span> <span class='ocrx_word' id='word_1_8' title='bbox 800 278 1013 341; x_wconf 85' lang='lat' dir='ltr'>acceptis.</span> <span class='ocrx_word' id='word_1_9' title='bbox 1081 278 1210 326; x_wconf 82' lang='lat' dir='ltr'>Inter</span> <span class='ocrx_word' id='word_1_10' title='bbox 1247 278 1347 326; x_wconf 87' lang='lat' dir='ltr'>hos·</span> <span class='ocrx_word' id='word_1_11' title='bbox 1367 279 1558 342; x_wconf 70' lang='lat' dir='ltr'>Atizyes</span> 
     </span>
     <span class='ocr_line' id='line_1_3' title="bbox 105 341 1558 408; baseline 0.006 -21"><span class='ocrx_word' id='word_1_12' title='bbox 105 348 155 388; x_wconf 84' lang='lat' dir='ltr'>et</span> <span class='ocrx_word' id='word_1_13' title='bbox 176 341 513 399; x_wconf 77' lang='lat' dir='ltr'>Rheomithres,</span> <span class='ocrx_word' id='word_1_14' title='bbox 539 355 587 392; x_wconf 89' lang='lat' dir='ltr'>et</span> <span class='ocrx_word' id='word_1_15' title='bbox 611 346 807 393; x_wconf 85' lang='lat' dir='ltr'>Sabaces</span> <span class='ocrx_word' id='word_1_16' title='bbox 831 353 1014 407; x_wconf 86' lang='lat' dir='ltr'>praetor</span> <span class='ocrx_word' id='word_1_17' title='bbox 1036 345 1257 407; x_wconf 80' lang='lat' dir='ltr'><strong>Aegypti,</strong></span> <span class='ocrx_word' id='word_1_18' title='bbox 1285 358 1558 408; x_wconf 79' lang='lat' dir='ltr'>magnorum</span> 
     </span>
     <span class='ocr_line' id='line_1_4' title="bbox 109 408 1560 471; baseline 0.006 -18"><span class='ocrx_word' id='word_1_19' title='bbox 109 408 388 454; x_wconf 85' lang='lat' dir='ltr'>exercituum</span> <span class='ocrx_word' id='word_1_20' title='bbox 411 411 644 471; x_wconf 80' lang='lat' dir='ltr'>praefecti,</span> <span class='ocrx_word' id='word_1_21' title='bbox 680 413 1051 459; x_wconf 86' lang='lat' dir='ltr'>noscitabantur:</span> <span class='ocrx_word' id='word_1_22' title='bbox 1089 413 1210 459; x_wconf 89' lang='lat' dir='ltr'>circa</span> <span class='ocrx_word' id='word_1_23' title='bbox 1225 427 1305 459; x_wconf 87' lang='lat' dir='ltr'>eos</span> <span class='ocrx_word' id='word_1_24' title='bbox 1326 412 1560 463; x_wconf 68' lang='lat' dir='ltr'>cumulata</span> 
     </span>
     <span class='ocr_line' id='line_1_5' title="bbox 107 475 1555 540; baseline 0.006 -20"><span class='ocrx_word' id='word_1_25' title='bbox 107 486 207 521; x_wconf 86' lang='lat' dir='ltr'>erat</span> <span class='ocrx_word' id='word_1_26' title='bbox 230 475 437 536; x_wconf 88' lang='lat' dir='ltr'>peditum</span> <span class='ocrx_word' id='word_1_27' title='bbox 460 479 750 540; x_wconf 76' lang='lat' dir='ltr'>equitumque</span> <span class='ocrx_word' id='word_1_28' title='bbox 773 480 1005 526; x_wconf 82' lang='lat' dir='ltr'>obscurior</span> <span class='ocrx_word' id='word_1_29' title='bbox 1027 480 1179 527; x_wconf 90' lang='lat' dir='ltr'>turba.</span> <span class='ocrx_word' id='word_1_30' title='bbox 1247 479 1555 528; x_wconf 80' lang='lat' dir='ltr'>Macedonum</span> 
     </span>
     <span class='ocr_line' id='line_1_6' title="bbox 108 546 1555 608; baseline 0.009 -25"><span class='ocrx_word' id='word_1_31' title='bbox 108 556 285 601; x_wconf 66' lang='lat' dir='ltr'>quoque</span> <span class='ocrx_word' id='word_1_32' title='bbox 307 558 402 589; x_wconf 91' lang='lat' dir='ltr'>non</span> <span class='ocrx_word' id='word_1_33' title='bbox 425 546 609 604; x_wconf 90' lang='lat' dir='ltr'>quidem</span> <span class='ocrx_word' id='word_1_34' title='bbox 626 547 772 601; x_wconf 87' lang='lat' dir='ltr'>multi,</span> <span class='ocrx_word' id='word_1_35' title='bbox 798 547 880 592; x_wconf 88' lang='lat' dir='ltr'>sed</span> <span class='ocrx_word' id='word_1_36' title='bbox 902 547 1232 608; x_wconf 77' lang='lat' dir='ltr'>promptissimi</span> <span class='ocrx_word' id='word_1_37' title='bbox 1256 551 1413 594; x_wconf 86' lang='lat' dir='ltr'>tamen</span> <span class='ocrx_word' id='word_1_38' title='bbox 1433 548 1555 596; x_wconf 75' lang='lat' dir='ltr'>caesi</span> 
     </span>
     <span class='ocr_line' id='line_1_7' title="bbox 109 609 1555 672; baseline 0.008 -21"><span class='ocrx_word' id='word_1_39' title='bbox 109 618 223 654; x_wconf 79' lang='lat' dir='ltr'>sunt.</span> <span class='ocrx_word' id='word_1_40' title='bbox 315 609 444 658; x_wconf 82' lang='lat' dir='ltr'>Inter</span> <span class='ocrx_word' id='word_1_41' title='bbox 486 627 599 672; x_wconf 91' lang='lat' dir='ltr'>quos</span> <span class='ocrx_word' id='word_1_42' title='bbox 639 614 893 660; x_wconf 80' lang='lat' dir='ltr'>Alexandri</span> <span class='ocrx_word' id='word_1_43' title='bbox 937 614 1153 660; x_wconf 87' lang='lat' dir='ltr'>dextrum</span> <span class='ocrx_word' id='word_1_44' title='bbox 1199 613 1348 660; x_wconf 85' lang='lat' dir='ltr'>femur</span> <span class='ocrx_word' id='word_1_45' title='bbox 1389 613 1555 662; x_wconf 77' lang='lat' dir='ltr'>leviter</span> 
     </span>
     <span class='ocr_line' id='line_1_8' title="bbox 109 679 1547 742; baseline 0.009 -24"><span class='ocrx_word' id='word_1_46' title='bbox 109 690 326 722; x_wconf 81' lang='lat' dir='ltr'>mucrone</span> <span class='ocrx_word' id='word_1_47' title='bbox 359 679 652 739; x_wconf 87' lang='lat' dir='ltr'>perstrictum</span> <span class='ocrx_word' id='word_1_48' title='bbox 677 692 761 728; x_wconf 83' lang='lat' dir='ltr'>est.</span> <span class='ocrx_word' id='word_1_49' title='bbox 1542 739 1547 742; x_wconf 17' lang='lat'><em>4</em></span> 
     </span>
    </p>

    <p class='ocr_par' dir='ltr' id='par_1_3' title="bbox 97 742 1563 2487">
     <span class='ocr_line' id='line_1_9' title="bbox 164 742 1554 809; baseline 0.006 -21"><span class='ocrx_word' id='word_1_50' title='bbox 164 742 371 790; x_wconf 85' lang='lat' dir='ltr'><strong>XXVII.</strong></span> <span class='ocrx_word' id='word_1_51' title='bbox 405 745 605 809; x_wconf 83' lang='lat' dir='ltr'>Jamque</span> <span class='ocrx_word' id='word_1_52' title='bbox 621 749 699 808; x_wconf 87' lang='lat' dir='ltr'>qui</span> <span class='ocrx_word' id='word_1_53' title='bbox 724 747 920 794; x_wconf 89' lang='lat' dir='ltr'>Darium</span> <span class='ocrx_word' id='word_1_54' title='bbox 943 747 1175 795; x_wconf 80' lang='lat' dir='ltr'>vehebant</span> <span class='ocrx_word' id='word_1_55' title='bbox 1197 747 1317 807; x_wconf 89' lang='lat' dir='ltr'>equi,</span> <span class='ocrx_word' id='word_1_56' title='bbox 1352 748 1554 796; x_wconf 74' lang='lat' dir='ltr'>confossi</span> 
     </span>
     <span class='ocr_line' id='line_1_10' title="bbox 99 810 1547 876; baseline 0.006 -22"><span class='ocrx_word' id='word_1_57' title='bbox 99 810 242 856; x_wconf 86' lang='lat' dir='ltr'>hastis</span> <span class='ocrx_word' id='word_1_58' title='bbox 264 817 312 857; x_wconf 91' lang='lat' dir='ltr'>et</span> <span class='ocrx_word' id='word_1_59' title='bbox 344 812 505 860; x_wconf 92' lang='lat' dir='ltr'>dolore</span> <span class='ocrx_word' id='word_1_60' title='bbox 527 815 718 870; x_wconf 83' lang='lat' dir='ltr'>efferati,</span> <span class='ocrx_word' id='word_1_61' title='bbox 735 815 901 876; x_wconf 86' lang='lat' dir='ltr'>jugum</span> <span class='ocrx_word' id='word_1_62' title='bbox 939 822 1125 875; x_wconf 88' lang='lat' dir='ltr'>quatere</span> <span class='ocrx_word' id='word_1_63' title='bbox 1157 820 1206 861; x_wconf 91' lang='lat' dir='ltr'>et</span> <span class='ocrx_word' id='word_1_64' title='bbox 1228 829 1377 874; x_wconf 89' lang='lat' dir='ltr'>regem</span> <span class='ocrx_word' id='word_1_65' title='bbox 1410 830 1547 862; x_wconf 85' lang='lat' dir='ltr'>curru</span> 
     </span>
     <span class='ocr_line' id='line_1_11' title="bbox 100 882 1557 941; baseline 0.007 -20"><span class='ocrx_word' id='word_1_66' title='bbox 100 884 314 924; x_wconf 74' lang='lat' dir='ltr'>excutere</span> <span class='ocrx_word' id='word_1_67' title='bbox 346 888 622 941; x_wconf 84' lang='lat' dir='ltr'>coeperant:</span> <span class='ocrx_word' id='word_1_68' title='bbox 660 896 763 928; x_wconf 92' lang='lat' dir='ltr'>cum</span> <span class='ocrx_word' id='word_1_69' title='bbox 797 883 888 939; x_wconf 90' lang='lat' dir='ltr'>ille,</span> <span class='ocrx_word' id='word_1_70' title='bbox 924 882 1099 928; x_wconf 86' lang='lat' dir='ltr'>veritus</span> <span class='ocrx_word' id='word_1_71' title='bbox 1119 897 1181 928; x_wconf 90' lang='lat' dir='ltr'>ne</span> <span class='ocrx_word' id='word_1_72' title='bbox 1212 882 1345 929; x_wconf 83' lang='lat' dir='ltr'>vivus</span> <span class='ocrx_word' id='word_1_73' title='bbox 1375 882 1557 931; x_wconf 84' lang='lat' dir='ltr'>veniret</span> 
     </span>
     <span class='ocr_line' id='line_1_12' title="bbox 99 943 1555 1010; baseline 0.007 -23"><span class='ocrx_word' id='word_1_74' title='bbox 99 943 145 988; x_wconf 87' lang='lat' dir='ltr'>in</span> <span class='ocrx_word' id='word_1_75' title='bbox 170 943 373 992; x_wconf 86' lang='lat' dir='ltr'>hostium</span> <span class='ocrx_word' id='word_1_76' title='bbox 405 954 696 1008; x_wconf 87' lang='lat' dir='ltr'>potestatem,</span> <span class='ocrx_word' id='word_1_77' title='bbox 720 949 888 1006; x_wconf 79' lang='lat' dir='ltr'>desilit,</span> <span class='ocrx_word' id='word_1_78' title='bbox 926 957 972 996; x_wconf 90' lang='lat' dir='ltr'>et</span> <span class='ocrx_word' id='word_1_79' title='bbox 993 949 1044 994; x_wconf 90' lang='lat' dir='ltr'>in</span> <span class='ocrx_word' id='word_1_80' title='bbox 1066 964 1231 1009; x_wconf 89' lang='lat' dir='ltr'>equum</span> <span class='ocrx_word' id='word_1_81' title='bbox 1264 950 1342 1010; x_wconf 90' lang='lat' dir='ltr'>qui</span> <span class='ocrx_word' id='word_1_82' title='bbox 1374 949 1436 996; x_wconf 89' lang='lat' dir='ltr'>ad</span> <span class='ocrx_word' id='word_1_83' title='bbox 1466 949 1555 997; x_wconf 88' lang='lat' dir='ltr'>hoc</span> 
     </span>
     <span class='ocr_line' id='line_1_13' title="bbox 97 1013 1556 1079; baseline 0.007 -25"><span class='ocrx_word' id='word_1_84' title='bbox 97 1013 374 1071; x_wconf 80' lang='lat' dir='ltr'>sequebatur</span> <span class='ocrx_word' id='word_1_85' title='bbox 417 1015 706 1076; x_wconf 57' lang='lat' dir='ltr'>imp-anitum</span> <span class='ocrx_word' id='word_1_86' title='bbox 743 1017 1001 1078; x_wconf 83' lang='lat' dir='ltr'>insignibus</span> <span class='ocrx_word' id='word_1_87' title='bbox 1046 1031 1226 1077; x_wconf 87' lang='lat' dir='ltr'>quoque</span> <span class='ocrx_word' id='word_1_88' title='bbox 1254 1016 1452 1079; x_wconf 87' lang='lat' dir='ltr'>imperii,</span> <span class='ocrx_word' id='word_1_89' title='bbox 1489 1029 1556 1064; x_wconf 77' lang='lat' dir='ltr'>ne</span> 
     </span>
     <span class='ocr_line' id='line_1_14' title="bbox 99 1076 1555 1144; baseline 0.008 -23"><span class='ocrx_word' id='word_1_90' title='bbox 99 1076 255 1139; x_wconf 76' lang='lat' dir='ltr'>fugam</span> <span class='ocrx_word' id='word_1_91' title='bbox 290 1080 555 1141; x_wconf 79' lang='lat' dir='ltr'>proderent,</span> <span class='ocrx_word' id='word_1_92' title='bbox 591 1083 807 1130; x_wconf 78' lang='lat' dir='ltr'>indecore</span> <span class='ocrx_word' id='word_1_93' title='bbox 841 1083 1043 1144; x_wconf 88' lang='lat' dir='ltr'>abjectis.</span> <span class='ocrx_word' id='word_1_94' title='bbox 1117 1084 1237 1129; x_wconf 89' lang='lat' dir='ltr'>Tum</span> <span class='ocrx_word' id='word_1_95' title='bbox 1270 1099 1381 1130; x_wconf 86' lang='lat' dir='ltr'>vero</span> <span class='ocrx_word' id='word_1_96' title='bbox 1412 1083 1555 1132; x_wconf 76' lang='lat' dir='ltr'>ceteri</span> 
     </span>
     <span class='ocr_line' id='line_1_15' title="bbox 99 1144 1546 1212; baseline 0.005 -23"><span class='ocrx_word' id='word_1_97' title='bbox 99 1144 379 1208; x_wconf 80' lang='lat' dir='ltr'>dissipantur</span> <span class='ocrx_word' id='word_1_98' title='bbox 412 1155 556 1206; x_wconf 82' lang='lat' dir='ltr'>mctu,</span> <span class='ocrx_word' id='word_1_99' title='bbox 581 1157 627 1197; x_wconf 84' lang='lat' dir='ltr'>et</span> <span class='ocrx_word' id='word_1_100' title='bbox 651 1165 739 1210; x_wconf 86' lang='lat' dir='ltr'>qua</span> <span class='ocrx_word' id='word_1_101' title='bbox 773 1151 937 1211; x_wconf 90' lang='lat' dir='ltr'>cuique</span> <span class='ocrx_word' id='word_1_102' title='bbox 970 1151 1161 1212; x_wconf 84' lang='lat' dir='ltr'>patebat</span> <span class='ocrx_word' id='word_1_103' title='bbox 1183 1150 1245 1197; x_wconf 85' lang='lat' dir='ltr'>ad</span> <span class='ocrx_word' id='word_1_104' title='bbox 1266 1149 1423 1212; x_wconf 78' lang='lat' dir='ltr'>fugam</span> <span class='ocrx_word' id='word_1_105' title='bbox 1457 1150 1546 1207; x_wconf 83' lang='lat' dir='ltr'>via,</span> 
     </span>
     <span class='ocr_line' id='line_1_16' title="bbox 99 1216 1553 1279; baseline 0.006 -23"><span class='ocrx_word' id='word_1_106' title='bbox 99 1223 359 1275; x_wconf 82' lang='lat' dir='ltr'>erumpunt,</span> <span class='ocrx_word' id='word_1_107' title='bbox 396 1231 524 1262; x_wconf 87' lang='lat' dir='ltr'>arma</span> <span class='ocrx_word' id='word_1_108' title='bbox 547 1216 773 1277; x_wconf 86' lang='lat' dir='ltr'>jacientes</span> <span class='ocrx_word' id='word_1_109' title='bbox 807 1233 922 1278; x_wconf 91' lang='lat' dir='ltr'>quae</span> <span class='ocrx_word' id='word_1_110' title='bbox 953 1218 1090 1279; x_wconf 90' lang='lat' dir='ltr'>paulo</span> <span class='ocrx_word' id='word_1_111' title='bbox 1123 1224 1233 1265; x_wconf 85' lang='lat' dir='ltr'>ante</span> <span class='ocrx_word' id='word_1_112' title='bbox 1264 1218 1325 1264; x_wconf 84' lang='lat' dir='ltr'>ad</span> <span class='ocrx_word' id='word_1_113' title='bbox 1356 1217 1553 1265; x_wconf 78' lang='lat' dir='ltr'>tutelam</span> 
     </span>
     <span class='ocr_line' id='line_1_17' title="bbox 99 1284 1554 1346; baseline 0.004 -21"><span class='ocrx_word' id='word_1_114' title='bbox 99 1293 341 1342; x_wconf 85' lang='lat' dir='ltr'>corporum</span> <span class='ocrx_word' id='word_1_115' title='bbox 368 1291 657 1345; x_wconf 84' lang='lat' dir='ltr'>sumpserant</span> <span class='ocrx_word' id='word_1_116' title='bbox 679 1302 690 1330; x_wconf 72' lang='grc' dir='ltr'>ε</span> <span class='ocrx_word' id='word_1_117' title='bbox 727 1285 843 1331; x_wconf 91' lang='lat' dir='ltr'>adeo</span> <span class='ocrx_word' id='word_1_118' title='bbox 862 1301 1002 1346; x_wconf 86' lang='lat' dir='ltr'>pavor</span> <span class='ocrx_word' id='word_1_119' title='bbox 1025 1285 1166 1332; x_wconf 88' lang='lat' dir='ltr'>etiam</span> <span class='ocrx_word' id='word_1_120' title='bbox 1194 1285 1365 1331; x_wconf 84' lang='lat' dir='ltr'>auxilia</span> <span class='ocrx_word' id='word_1_121' title='bbox 1398 1284 1554 1332; x_wconf 85' lang='lat' dir='ltr'>formi-</span> 
     </span>
     <span class='ocr_line' id='line_1_18' title="bbox 99 1346 1555 1412; baseline 0.005 -21"><span class='ocrx_word' id='word_1_122' title='bbox 99 1346 193 1393; x_wconf 88' lang='lat' dir='ltr'>dat.</span> <span class='ocrx_word' id='word_1_123' title='bbox 264 1348 473 1397; x_wconf 85' lang='lat' dir='ltr'>Instabat</span> <span class='ocrx_word' id='word_1_124' title='bbox 505 1351 786 1412; x_wconf 85' lang='lat' dir='ltr'>fugientibus</span> <span class='ocrx_word' id='word_1_125' title='bbox 809 1367 944 1412; x_wconf 86' lang='lat' dir='ltr'>eques</span> <span class='ocrx_word' id='word_1_126' title='bbox 967 1368 993 1398; x_wconf 93' lang='lat' dir='ltr'>a</span> <span class='ocrx_word' id='word_1_127' title='bbox 1029 1351 1334 1399; x_wconf 87' lang='lat' dir='ltr'>Parmenione</span> <span class='ocrx_word' id='word_1_128' title='bbox 1355 1352 1520 1399; x_wconf 87' lang='lat' dir='ltr'>missus</span> <span class='ocrx_word' id='word_1_129' title='bbox 1542 1368 1555 1407; x_wconf 93' lang='lat'>;</span> 
     </span>
     <span class='ocr_line' id='line_1_19' title="bbox 99 1414 1550 1480; baseline 0.004 -21"><span class='ocrx_word' id='word_1_130' title='bbox 99 1426 146 1460; x_wconf 86' lang='lat' dir='ltr'>et</span> <span class='ocrx_word' id='word_1_131' title='bbox 179 1414 297 1463; x_wconf 87' lang='lat' dir='ltr'>forte</span> <span class='ocrx_word' id='word_1_132' title='bbox 330 1417 380 1462; x_wconf 89' lang='lat' dir='ltr'>in</span> <span class='ocrx_word' id='word_1_133' title='bbox 425 1417 473 1462; x_wconf 89' lang='lat' dir='ltr'>id</span> <span class='ocrx_word' id='word_1_134' title='bbox 507 1433 649 1465; x_wconf 91' lang='lat' dir='ltr'>cornu</span> <span class='ocrx_word' id='word_1_135' title='bbox 693 1435 853 1466; x_wconf 71' lang='lat' dir='ltr'>ornnes</span> <span class='ocrx_word' id='word_1_136' title='bbox 886 1419 997 1480; x_wconf 87' lang='lat' dir='ltr'>fuga</span> <span class='ocrx_word' id='word_1_137' title='bbox 1035 1419 1301 1467; x_wconf 86' lang='lat' dir='ltr'>abstulerat.</span> <span class='ocrx_word' id='word_1_138' title='bbox 1391 1419 1459 1466; x_wconf 89' lang='lat' dir='ltr'>At</span> <span class='ocrx_word' id='word_1_139' title='bbox 1498 1419 1550 1465; x_wconf 87' lang='lat' dir='ltr'>in</span> 
     </span>
     <span class='ocr_line' id='line_1_20' title="bbox 99 1481 1552 1548; baseline 0.006 -23"><span class='ocrx_word' id='word_1_140' title='bbox 99 1481 266 1529; x_wconf 82' lang='lat' dir='ltr'>dextro</span> <span class='ocrx_word' id='word_1_141' title='bbox 290 1482 458 1530; x_wconf 86' lang='lat' dir='ltr'>Persae</span> <span class='ocrx_word' id='word_1_142' title='bbox 496 1485 738 1532; x_wconf 88' lang='lat' dir='ltr'>Thessalos</span> <span class='ocrx_word' id='word_1_143' title='bbox 770 1487 945 1546; x_wconf 87' lang='lat' dir='ltr'>equites</span> <span class='ocrx_word' id='word_1_144' title='bbox 978 1486 1275 1533; x_wconf 81' lang='lat' dir='ltr'>vehementer</span> <span class='ocrx_word' id='word_1_145' title='bbox 1306 1487 1552 1548; x_wconf 82' lang='lat' dir='ltr'>urgebant.</span> 
     </span>
     <span class='ocr_line' id='line_1_21' title="bbox 98 1548 1554 1615; baseline 0.005 -22"><span class='ocrx_word' id='word_1_146' title='bbox 98 1548 296 1609; x_wconf 80' lang='lat' dir='ltr'>Jamque</span> <span class='ocrx_word' id='word_1_147' title='bbox 319 1565 409 1598; x_wconf 88' lang='lat' dir='ltr'>una</span> <span class='ocrx_word' id='word_1_148' title='bbox 431 1552 504 1598; x_wconf 88' lang='lat' dir='ltr'>ala</span> <span class='ocrx_word' id='word_1_149' title='bbox 524 1553 623 1614; x_wconf 90' lang='lat' dir='ltr'>ipso</span> <span class='ocrx_word' id='word_1_150' title='bbox 645 1553 821 1614; x_wconf 87' lang='lat' dir='ltr'>impetu</span> <span class='ocrx_word' id='word_1_151' title='bbox 855 1553 1119 1615; x_wconf 86' lang='lat' dir='ltr'>proculcata</span> <span class='ocrx_word' id='word_1_152' title='bbox 1140 1560 1254 1610; x_wconf 89' lang='lat' dir='ltr'>erat,</span> <span class='ocrx_word' id='word_1_153' title='bbox 1279 1568 1382 1599; x_wconf 90' lang='lat' dir='ltr'>cum</span> <span class='ocrx_word' id='word_1_154' title='bbox 1408 1552 1554 1600; x_wconf 80' lang='lat' dir='ltr'>Thes-</span> 
     </span>
     <span class='ocr_line' id='line_1_22' title="bbox 101 1616 1554 1682; baseline 0.003 -20"><span class='ocrx_word' id='word_1_155' title='bbox 101 1616 184 1662; x_wconf 73' lang='lat' dir='ltr'>sali</span> <span class='ocrx_word' id='word_1_156' title='bbox 207 1625 405 1674; x_wconf 88' lang='lat' dir='ltr'>strenue,</span> <span class='ocrx_word' id='word_1_157' title='bbox 426 1619 715 1667; x_wconf 83' lang='lat' dir='ltr'>circumactis</span> <span class='ocrx_word' id='word_1_158' title='bbox 737 1621 865 1680; x_wconf 89' lang='lat' dir='ltr'>equis</span> <span class='ocrx_word' id='word_1_159' title='bbox 888 1620 1067 1681; x_wconf 85' lang='lat' dir='ltr'>dilapsi,</span> <span class='ocrx_word' id='word_1_160' title='bbox 1083 1636 1240 1667; x_wconf 88' lang='lat' dir='ltr'>rursus</span> <span class='ocrx_word' id='word_1_161' title='bbox 1262 1620 1311 1666; x_wconf 88' lang='lat' dir='ltr'>in</span> <span class='ocrx_word' id='word_1_162' title='bbox 1329 1620 1554 1682; x_wconf 81' lang='lat' dir='ltr'>praelium</span> 
     </span>
     <span class='ocr_line' id='line_1_23' title="bbox 99 1683 1556 1750; baseline 0.005 -22"><span class='ocrx_word' id='word_1_163' title='bbox 99 1683 311 1741; x_wconf 84' lang='lat' dir='ltr'>redeunt,</span> <span class='ocrx_word' id='word_1_164' title='bbox 360 1701 628 1748; x_wconf 85' lang='lat' dir='ltr'>sparsosque</span> <span class='ocrx_word' id='word_1_165' title='bbox 672 1695 720 1734; x_wconf 90' lang='lat' dir='ltr'>et</span> <span class='ocrx_word' id='word_1_166' title='bbox 751 1688 1079 1750; x_wconf 84' lang='lat' dir='ltr'>incompositos</span> <span class='ocrx_word' id='word_1_167' title='bbox 1124 1687 1346 1735; x_wconf 84' lang='lat' dir='ltr'>victoriae</span> <span class='ocrx_word' id='word_1_168' title='bbox 1388 1687 1556 1735; x_wconf 78' lang='lat' dir='ltr'>fiducia</span> 
     </span>
     <span class='ocr_line' id='line_1_24' title="bbox 97 1749 1555 1817; baseline 0.004 -22"><span class='ocrx_word' id='word_1_169' title='bbox 97 1749 319 1798; x_wconf 85' lang='lat' dir='ltr'>barbaros</span> <span class='ocrx_word' id='word_1_170' title='bbox 339 1751 522 1814; x_wconf 84' lang='lat' dir='ltr'>ingenti</span> <span class='ocrx_word' id='word_1_171' title='bbox 544 1754 686 1801; x_wconf 81' lang='lat' dir='ltr'>caede</span> <span class='ocrx_word' id='word_1_172' title='bbox 707 1762 1021 1816; x_wconf 85' lang='lat' dir='ltr'>prosternunt.</span> <span class='ocrx_word' id='word_1_173' title='bbox 1092 1754 1212 1815; x_wconf 86' lang='lat' dir='ltr'>Equi</span> <span class='ocrx_word' id='word_1_174' title='bbox 1233 1755 1407 1817; x_wconf 88' lang='lat' dir='ltr'>pariter</span> <span class='ocrx_word' id='word_1_175' title='bbox 1426 1755 1555 1817; x_wconf 82' lang='lat' dir='ltr'>equi-</span> 
     </span>
     <span class='ocr_line' id='line_1_25' title="bbox 99 1817 1554 1883; baseline 0.004 -21"><span class='ocrx_word' id='word_1_176' title='bbox 99 1824 258 1877; x_wconf 83' lang='lat' dir='ltr'>tesque</span> <span class='ocrx_word' id='word_1_177' title='bbox 282 1817 526 1866; x_wconf 84' lang='lat' dir='ltr'>Persarum</span> <span class='ocrx_word' id='word_1_178' title='bbox 550 1822 666 1868; x_wconf 85' lang='lat' dir='ltr'>serie</span> <span class='ocrx_word' id='word_1_179' title='bbox 699 1822 973 1868; x_wconf 84' lang='lat' dir='ltr'>laminarum</span> <span class='ocrx_word' id='word_1_180' title='bbox 1009 1837 1187 1883; x_wconf 85' lang='lat' dir='ltr'>graves,</span> <span class='ocrx_word' id='word_1_181' title='bbox 1223 1836 1406 1883; x_wconf 81' lang='lat' dir='ltr'>agmen,</span> <span class='ocrx_word' id='word_1_182' title='bbox 1429 1821 1554 1882; x_wconf 90' lang='lat' dir='ltr'>quod</span> 
     </span>
     <span class='ocr_line' id='line_1_26' title="bbox 101 1884 1552 1951; baseline 0.004 -22"><span class='ocrx_word' id='word_1_183' title='bbox 101 1884 336 1934; x_wconf 84' lang='lat' dir='ltr'>celeritate</span> <span class='ocrx_word' id='word_1_184' title='bbox 368 1889 567 1936; x_wconf 80' lang='lat' dir='ltr'>maxime</span> <span class='ocrx_word' id='word_1_185' title='bbox 600 1895 794 1941; x_wconf 84' lang='lat' dir='ltr'>constat,</span> <span class='ocrx_word' id='word_1_186' title='bbox 831 1905 968 1949; x_wconf 84' lang='lat' dir='ltr'>aegre</span> <span class='ocrx_word' id='word_1_187' title='bbox 1005 1889 1347 1943; x_wconf 85' lang='lat' dir='ltr'>moliebantur;</span> <span class='ocrx_word' id='word_1_188' title='bbox 1383 1890 1552 1951; x_wconf 86' lang='lat' dir='ltr'>quippe</span> 
     </span>
     <span class='ocr_line' id='line_1_27' title="bbox 100 1952 1563 2018; baseline 0.004 -22"><span class='ocrx_word' id='word_1_189' title='bbox 100 1952 150 1997; x_wconf 91' lang='lat' dir='ltr'>in</span> <span class='ocrx_word' id='word_1_190' title='bbox 172 1952 540 2014; x_wconf 86' lang='lat' dir='ltr'>circumagendis</span> <span class='ocrx_word' id='word_1_191' title='bbox 573 1956 701 2015; x_wconf 87' lang='lat' dir='ltr'>equis</span> <span class='ocrx_word' id='word_1_192' title='bbox 733 1955 825 2002; x_wconf 89' lang='lat' dir='ltr'>suis</span> <span class='ocrx_word' id='word_1_193' title='bbox 861 1956 1068 2002; x_wconf 84' lang='lat' dir='ltr'>Thessali</span> <span class='ocrx_word' id='word_1_194' title='bbox 1102 1956 1274 2002; x_wconf 88' lang='lat' dir='ltr'>multos</span> <span class='ocrx_word' id='word_1_195' title='bbox 1306 1971 1563 2018; x_wconf 65' lang='lat' dir='ltr'>occupave-</span> 
     </span>
     <span class='ocr_line' id='line_1_28' title="bbox 100 2019 1556 2084; baseline 0.003 -20"><span class='ocrx_word' id='word_1_196' title='bbox 100 2025 221 2065; x_wconf 87' lang='lat' dir='ltr'>rant.</span> <span class='ocrx_word' id='word_1_197' title='bbox 290 2019 396 2067; x_wconf 88' lang='lat' dir='ltr'>Hac</span> <span class='ocrx_word' id='word_1_198' title='bbox 428 2028 525 2068; x_wconf 88' lang='lat' dir='ltr'>tam</span> <span class='ocrx_word' id='word_1_199' title='bbox 558 2038 779 2083; x_wconf 85' lang='lat' dir='ltr'>prospera</span> <span class='ocrx_word' id='word_1_200' title='bbox 810 2038 968 2084; x_wconf 89' lang='lat' dir='ltr'>pugna</span> <span class='ocrx_word' id='word_1_201' title='bbox 1000 2024 1231 2079; x_wconf 88' lang='lat' dir='ltr'>nunciata,</span> <span class='ocrx_word' id='word_1_202' title='bbox 1274 2021 1556 2080; x_wconf 84' lang='lat' dir='ltr'>Alexander,</span> 
     </span>
     <span class='ocr_line' id='line_1_29' title="bbox 100 2090 1554 2152; baseline 0.006 -22"><span class='ocrx_word' id='word_1_203' title='bbox 100 2101 194 2131; x_wconf 88' lang='lat' dir='ltr'>non</span> <span class='ocrx_word' id='word_1_204' title='bbox 216 2093 326 2134; x_wconf 90' lang='lat' dir='ltr'>ante</span> <span class='ocrx_word' id='word_1_205' title='bbox 348 2103 481 2135; x_wconf 85' lang='lat' dir='ltr'>ausus</span> <span class='ocrx_word' id='word_1_206' title='bbox 517 2090 723 2150; x_wconf 88' lang='lat' dir='ltr'>persequi</span> <span class='ocrx_word' id='word_1_207' title='bbox 757 2090 990 2145; x_wconf 89' lang='lat' dir='ltr'>barbaros,</span> <span class='ocrx_word' id='word_1_208' title='bbox 1016 2091 1247 2151; x_wconf 90' lang='lat' dir='ltr'>utrimque</span> <span class='ocrx_word' id='word_1_209' title='bbox 1275 2091 1373 2152; x_wconf 83' lang='lat' dir='ltr'>jam</span> <span class='ocrx_word' id='word_1_210' title='bbox 1405 2090 1554 2138; x_wconf 76' lang='lat' dir='ltr'>vietor</span> 
     </span>
     <span class='ocr_line' id='line_1_30' title="bbox 99 2153 1554 2219; baseline 0.004 -21"><span class='ocrx_word' id='word_1_211' title='bbox 99 2153 271 2199; x_wconf 83' lang='lat' dir='ltr'>instare</span> <span class='ocrx_word' id='word_1_212' title='bbox 290 2153 574 2216; x_wconf 84' lang='lat' dir='ltr'>fugientibus</span> <span class='ocrx_word' id='word_1_213' title='bbox 595 2156 763 2217; x_wconf 89' lang='lat' dir='ltr'>coepit.</span> <span class='ocrx_word' id='word_1_214' title='bbox 833 2156 977 2203; x_wconf 90' lang='lat' dir='ltr'>Haud</span> <span class='ocrx_word' id='word_1_215' title='bbox 1010 2157 1205 2219; x_wconf 88' lang='lat' dir='ltr'>amplius</span> <span class='ocrx_word' id='word_1_216' title='bbox 1225 2171 1384 2219; x_wconf 88' lang='lat' dir='ltr'>regem</span> <span class='ocrx_word' id='word_1_217' title='bbox 1416 2169 1554 2218; x_wconf 81' lang='lat' dir='ltr'>quam</span> 
     </span>
     <span class='ocr_line' id='line_1_31' title="bbox 102 2220 1554 2283; baseline 0.003 -18"><span class='ocrx_word' id='word_1_218' title='bbox 102 2220 226 2266; x_wconf 88' lang='lat' dir='ltr'>mille</span> <span class='ocrx_word' id='word_1_219' title='bbox 265 2223 441 2282; x_wconf 88' lang='lat' dir='ltr'>equites</span> <span class='ocrx_word' id='word_1_220' title='bbox 474 2223 796 2283; x_wconf 84' lang='lat' dir='ltr'>sequebantur,</span> <span class='ocrx_word' id='word_1_221' title='bbox 822 2239 926 2270; x_wconf 89' lang='lat' dir='ltr'>cum</span> <span class='ocrx_word' id='word_1_222' title='bbox 950 2224 1115 2283; x_wconf 86' lang='lat' dir='ltr'>ingens</span> <span class='ocrx_word' id='word_1_223' title='bbox 1133 2223 1380 2272; x_wconf 83' lang='lat' dir='ltr'>multitudo</span> <span class='ocrx_word' id='word_1_224' title='bbox 1409 2222 1554 2270; x_wconf 70' lang='lat' dir='ltr'>hosti-</span> 
     </span>
     <span class='ocr_line' id='line_1_32' title="bbox 103 2287 1551 2352; baseline 0.004 -23"><span class='ocrx_word' id='word_1_225' title='bbox 103 2302 177 2330; x_wconf 90' lang='lat' dir='ltr'>um</span> <span class='ocrx_word' id='word_1_226' title='bbox 201 2287 401 2336; x_wconf 87' lang='lat' dir='ltr'>caderet.</span> <span class='ocrx_word' id='word_1_227' title='bbox 470 2289 564 2336; x_wconf 84' lang='lat' dir='ltr'>Sed</span> <span class='ocrx_word' id='word_1_228' title='bbox 580 2290 679 2350; x_wconf 86' lang='lat' dir='ltr'>quis</span> <span class='ocrx_word' id='word_1_229' title='bbox 713 2291 863 2337; x_wconf 90' lang='lat' dir='ltr'>autin</span> <span class='ocrx_word' id='word_1_230' title='bbox 888 2292 1080 2338; x_wconf 89' lang='lat' dir='ltr'>victoria</span> <span class='ocrx_word' id='word_1_231' title='bbox 1097 2299 1177 2339; x_wconf 89' lang='lat' dir='ltr'>aut</span> <span class='ocrx_word' id='word_1_232' title='bbox 1198 2292 1248 2338; x_wconf 91' lang='lat' dir='ltr'>in</span> <span class='ocrx_word' id='word_1_233' title='bbox 1266 2290 1379 2352; x_wconf 83' lang='lat' dir='ltr'>fuga</span> <span class='ocrx_word' id='word_1_234' title='bbox 1399 2289 1551 2351; x_wconf 67' lang='lat' dir='ltr'>copiae</span> 
     </span>
     <span class='ocr_line' id='line_1_33' title="bbox 101 2355 1550 2421; baseline 0.003 -25"><span class='ocrx_word' id='word_1_235' title='bbox 101 2364 315 2402; x_wconf 83' lang='lat' dir='ltr'>numerat</span> <span class='ocrx_word' id='word_1_236' title='bbox 327 2356 352 2402; x_wconf 73' lang='grc' dir='ltr'>ἱ)</span> <span class='ocrx_word' id='word_1_237' title='bbox 385 2356 660 2417; x_wconf 87' lang='lat' dir='ltr'>Agebantur</span> <span class='ocrx_word' id='word_1_238' title='bbox 678 2372 790 2417; x_wconf 87' lang='lat' dir='ltr'>ergo</span> <span class='ocrx_word' id='word_1_239' title='bbox 807 2373 835 2404; x_wconf 89' lang='lat' dir='ltr'>a</span> <span class='ocrx_word' id='word_1_240' title='bbox 857 2366 953 2404; x_wconf 88' lang='lat' dir='ltr'>tam</span> <span class='ocrx_word' id='word_1_241' title='bbox 972 2359 1128 2420; x_wconf 87' lang='lat' dir='ltr'>paucis</span> <span class='ocrx_word' id='word_1_242' title='bbox 1143 2372 1363 2421; x_wconf 88' lang='lat' dir='ltr'>pecorum</span> <span class='ocrx_word' id='word_1_243' title='bbox 1381 2355 1550 2410; x_wconf 74' lang='lat' dir='ltr'>m0d03</span> 
     </span>
     <span class='ocr_line' id='line_1_34' title="bbox 100 2419 1552 2487; baseline 0.003 -24"><span class='ocrx_word' id='word_1_244' title='bbox 100 2430 150 2466; x_wconf 83' lang='lat' dir='ltr'>ct</span> <span class='ocrx_word' id='word_1_245' title='bbox 166 2420 289 2466; x_wconf 86' lang='lat' dir='ltr'>idem</span> <span class='ocrx_word' id='word_1_246' title='bbox 316 2430 478 2480; x_wconf 83' lang='lat' dir='ltr'>metus,</span> <span class='ocrx_word' id='word_1_247' title='bbox 502 2425 582 2485; x_wconf 92' lang='lat' dir='ltr'>qui</span> <span class='ocrx_word' id='word_1_248' title='bbox 604 2425 801 2485; x_wconf 90' lang='lat' dir='ltr'>cogebat</span> <span class='ocrx_word' id='word_1_249' title='bbox 822 2424 995 2485; x_wconf 86' lang='lat' dir='ltr'>fugere,</span> <span class='ocrx_word' id='word_1_250' title='bbox 1021 2425 1252 2487; x_wconf 85' lang='lat' dir='ltr'>fugientes</span> <span class='ocrx_word' id='word_1_251' title='bbox 1275 2419 1552 2472; x_wconf 59' lang='lat' dir='ltr'>mcffibntur.</span> 
     </span>
    </p>

    <p class='ocr_par' dir='ltr' id='par_1_4' title="bbox 98 2486 1586 3019">
     <span class='ocr_line' id='line_1_35' title="bbox 169 2486 1551 2554; baseline 0.003 -22"><span class='ocrx_word' id='word_1_252' title='bbox 169 2486 398 2537; x_wconf 82' lang='lat' dir='ltr'>XXVIII.</span> <span class='ocrx_word' id='word_1_253' title='bbox 435 2492 503 2539; x_wconf 88' lang='lat' dir='ltr'>At</span> <span class='ocrx_word' id='word_1_254' title='bbox 528 2491 710 2547; x_wconf 83' lang='lat' dir='ltr'>Graeci,</span> <span class='ocrx_word' id='word_1_255' title='bbox 736 2491 814 2550; x_wconf 90' lang='lat' dir='ltr'>qui</span> <span class='ocrx_word' id='word_1_256' title='bbox 837 2491 885 2536; x_wconf 89' lang='lat' dir='ltr'>in</span> <span class='ocrx_word' id='word_1_257' title='bbox 923 2492 1057 2539; x_wconf 89' lang='lat' dir='ltr'>Darii</span> <span class='ocrx_word' id='word_1_258' title='bbox 1089 2493 1297 2554; x_wconf 84' lang='lat' dir='ltr'>partibus</span> <span class='ocrx_word' id='word_1_259' title='bbox 1311 2493 1551 2544; x_wconf 74' lang='lat' dir='ltr'>steterant,</span> 
     </span>
     <span class='ocr_line' id='line_1_36' title="bbox 101 2552 1552 2621; baseline 0.003 -24"><span class='ocrx_word' id='word_1_260' title='bbox 101 2552 312 2615; x_wconf 83' lang='lat' dir='ltr'>Amynta</span> <span class='ocrx_word' id='word_1_261' title='bbox 333 2556 463 2612; x_wconf 89' lang='lat' dir='ltr'>duce,</span> <span class='ocrx_word' id='word_1_262' title='bbox 492 2556 698 2621; x_wconf 76' lang='lat' dir='ltr'>(praetor</span> <span class='ocrx_word' id='word_1_263' title='bbox 720 2558 794 2604; x_wconf 81' lang='lat' dir='ltr'>hic</span> <span class='ocrx_word' id='word_1_264' title='bbox 828 2558 1084 2605; x_wconf 87' lang='lat' dir='ltr'>Alexandri</span> <span class='ocrx_word' id='word_1_265' title='bbox 1110 2558 1212 2615; x_wconf 83' lang='lat' dir='ltr'>fuit,</span> <span class='ocrx_word' id='word_1_266' title='bbox 1245 2570 1371 2604; x_wconf 80' lang='lat' dir='ltr'>nunc</span> <span class='ocrx_word' id='word_1_267' title='bbox 1400 2561 1552 2602; x_wconf 79' lang='lat' dir='ltr'>trans-</span> 
     </span>
     <span class='ocr_line' id='line_1_37' title="bbox 98 2619 1554 2686; baseline 0.002 -19"><span class='ocrx_word' id='word_1_268' title='bbox 98 2619 233 2681; x_wconf 75' lang='lat' dir='ltr'>fuga)</span> <span class='ocrx_word' id='word_1_269' title='bbox 268 2622 452 2684; x_wconf 86' lang='lat' dir='ltr'>abrupti</span> <span class='ocrx_word' id='word_1_270' title='bbox 496 2641 524 2671; x_wconf 87' lang='lat' dir='ltr'>a</span> <span class='ocrx_word' id='word_1_271' title='bbox 559 2625 736 2682; x_wconf 72' lang='lat' dir='ltr'>ceteris,</span> <span class='ocrx_word' id='word_1_272' title='bbox 770 2624 898 2671; x_wconf 88' lang='lat' dir='ltr'>haud</span> <span class='ocrx_word' id='word_1_273' title='bbox 930 2641 1040 2672; x_wconf 87' lang='lat' dir='ltr'>sane</span> <span class='ocrx_word' id='word_1_274' title='bbox 1071 2624 1352 2686; x_wconf 81' lang='lat' dir='ltr'>fugientibus</span> <span class='ocrx_word' id='word_1_275' title='bbox 1382 2621 1554 2669; x_wconf 84' lang='lat' dir='ltr'>similes</span> 
     </span>
     <span class='ocr_line' id='line_1_38' title="bbox 99 2688 1547 2752; baseline 0.004 -22"><span class='ocrx_word' id='word_1_276' title='bbox 99 2695 351 2736; x_wconf 76' lang='lat' dir='ltr'>evaserant.</span> <span class='ocrx_word' id='word_1_277' title='bbox 421 2690 612 2738; x_wconf 89' lang='lat' dir='ltr'>Barbari</span> <span class='ocrx_word' id='word_1_278' title='bbox 635 2692 774 2752; x_wconf 90' lang='lat' dir='ltr'>longe</span> <span class='ocrx_word' id='word_1_279' title='bbox 790 2691 1017 2739; x_wconf 83' lang='lat' dir='ltr'>diversam</span> <span class='ocrx_word' id='word_1_280' title='bbox 1038 2691 1196 2752; x_wconf 79' lang='lat' dir='ltr'>fugam</span> <span class='ocrx_word' id='word_1_281' title='bbox 1217 2688 1547 2737; x_wconf 81' lang='lat' dir='ltr'>intenderunt:</span> 
     </span>
     <span class='ocr_line' id='line_1_39' title="bbox 100 2753 1550 2817; baseline 0.001 -18"><span class='ocrx_word' id='word_1_282' title='bbox 100 2753 192 2810; x_wconf 86' lang='lat' dir='ltr'>alii,</span> <span class='ocrx_word' id='word_1_283' title='bbox 224 2769 316 2815; x_wconf 90' lang='lat' dir='ltr'>qua</span> <span class='ocrx_word' id='word_1_284' title='bbox 335 2764 508 2802; x_wconf 85' lang='lat' dir='ltr'>rectum</span> <span class='ocrx_word' id='word_1_285' title='bbox 541 2758 630 2805; x_wconf 87' lang='lat' dir='ltr'>iter</span> <span class='ocrx_word' id='word_1_286' title='bbox 652 2759 702 2804; x_wconf 91' lang='lat' dir='ltr'>in</span> <span class='ocrx_word' id='word_1_287' title='bbox 725 2757 963 2805; x_wconf 87' lang='lat' dir='ltr'>Persidem</span> <span class='ocrx_word' id='word_1_288' title='bbox 983 2758 1209 2812; x_wconf 87' lang='lat' dir='ltr'>ducebat;</span> <span class='ocrx_word' id='word_1_289' title='bbox 1241 2755 1435 2817; x_wconf 72' lang='lat' dir='ltr'>quidam‘</span> <span class='ocrx_word' id='word_1_290' title='bbox 1461 2755 1550 2801; x_wconf 89' lang='lat' dir='ltr'>cir-</span> 
     </span>
     <span class='ocr_line' id='line_1_40' title="bbox 103 2821 1549 2885; baseline 0.002 -20"><span class='ocrx_word' id='word_1_291' title='bbox 103 2821 276 2869; x_wconf 72' lang='lat' dir='ltr'>cumitu</span> <span class='ocrx_word' id='word_1_292' title='bbox 330 2837 466 2884; x_wconf 88' lang='lat' dir='ltr'>rupes</span> <span class='ocrx_word' id='word_1_293' title='bbox 522 2825 751 2884; x_wconf 86' lang='lat' dir='ltr'>saltusque</span> <span class='ocrx_word' id='word_1_294' title='bbox 796 2825 1022 2872; x_wconf 86' lang='lat' dir='ltr'>montium</span> <span class='ocrx_word' id='word_1_295' title='bbox 1032 2823 1266 2874; x_wconf 55' lang='lat' dir='ltr'>§occultos</span> <span class='ocrx_word' id='word_1_296' title='bbox 1307 2821 1513 2885; x_wconf 65' lang='lat' dir='ltr'>pfflveoe</span> <span class='ocrx_word' id='word_1_297' title='bbox 1535 2838 1549 2877; x_wconf 80' lang='lat'>3</span> 
     </span>
     <span class='ocr_line' id='line_1_41' title="bbox 101 2888 1586 2952; baseline 0.003 -20"><span class='ocrx_word' id='word_1_298' title='bbox 101 2888 233 2947; x_wconf 85' lang='lat' dir='ltr'>pauci</span> <span class='ocrx_word' id='word_1_299' title='bbox 265 2896 416 2937; x_wconf 85' lang='lat' dir='ltr'>castra</span> <span class='ocrx_word' id='word_1_300' title='bbox 435 2890 586 2937; x_wconf 84' lang='lat' dir='ltr'>Darii.</span> <span class='ocrx_word' id='word_1_301' title='bbox 654 2891 747 2938; x_wconf 88' lang='lat' dir='ltr'>Sed</span> <span class='ocrx_word' id='word_1_302' title='bbox 771 2890 871 2952; x_wconf 88' lang='lat' dir='ltr'>jam</span> <span class='ocrx_word' id='word_1_303' title='bbox 904 2891 986 2937; x_wconf 81' lang='lat' dir='ltr'>illa</span> <span class='ocrx_word' id='word_1_304' title='bbox 1017 2904 1196 2951; x_wconf 87' lang='lat' dir='ltr'>quoque</span> <span class='ocrx_word' id='word_1_305' title='bbox 1226 2889 1373 2937; x_wconf 87' lang='lat' dir='ltr'>hostis</span> <span class='ocrx_word' id='word_1_306' title='bbox 1404 2888 1553 2936; x_wconf 77' lang='lat' dir='ltr'>victor</span> <span class='ocrx_word' id='word_1_307' title='bbox 1580 2940 1586 2942; x_wconf 9' lang='grc' dir='ltr'><strong>ξ</strong></span> 
     </span>
     <span class='ocr_line' id='line_1_42' title="bbox 101 2952 1552 3019; baseline 0.004 -21"><span class='ocrx_word' id='word_1_308' title='bbox 101 2952 365 3015; x_wconf 85' lang='lat' dir='ltr'>intraverat,</span> <span class='ocrx_word' id='word_1_309' title='bbox 399 2958 525 3004; x_wconf 90' lang='lat' dir='ltr'>omni</span> <span class='ocrx_word' id='word_1_310' title='bbox 569 2956 753 3018; x_wconf 88' lang='lat' dir='ltr'>quidem</span> <span class='ocrx_word' id='word_1_311' title='bbox 786 2956 1019 3019; x_wconf 82' lang='lat' dir='ltr'>opulentia</span> <span class='ocrx_word' id='word_1_312' title='bbox 1048 2956 1181 3004; x_wconf 85' lang='lat' dir='ltr'>ditia.</span> <span class='ocrx_word' id='word_1_313' title='bbox 1248 2954 1420 3019; x_wconf 84' lang='lat' dir='ltr'>Ingens</span> <span class='ocrx_word' id='word_1_314' title='bbox 1451 2955 1552 3004; x_wconf 76' lang='lat' dir='ltr'>auri</span> 
     </span>
    </p>
   </div>
  </div>
 </body>
</html>
