1721 3200
183 209 247 253 70
546 205 785 264 QUINTI
819 205 1056 252 CURTII
1093 205 1254 253 RUFI

186 348 304 397 sent,
324 341 527 403 rapiunt:
559 347 605 387 et
623 340 863 401 adgregati
882 356 1068 387 suorum
1089 339 1320 402 equitibus
1337 335 1631 397 Macedonis,

185 409 374 469 ancipiti
409 408 746 453 circumventos
780 407 914 463 malo,
947 408 1213 462 invadunt;
1264 406 1464 468 laetique
1513 407 1643 454 eii-w

187 475 509 537 Sisygambim,
543 474 709 536 'vicisse
744 474 954 531 Darium,
990 474 1172 536 ingenti
1210 474 1351 521 caede
1381 479 1636 535 prostratos

185 543 352 597 hosteS,
390 541 449 586 ad
484 541 697 588 ultimum
743 541 880 587 ctiam
929 541 1270 603 impedimentis
1314 546 1479 588 exutos
1518 555 1634 596 esse,

186 609 438 672 mundaum
477 609 646 669 quippe
670 609 861 653 eandem
885 608 1118 655 fortunam
1142 609 1314 669 ubique
1346 623 1446 654 esse
1477 607 1636 654 crede-

186 678 312 730 bant,
335 676 385 721 'et
409 675 606 722 victores
630 674 793 720 Persas
816 675 874 720 ad
909 676 1126 736 praedam
1160 675 1442 722 discurrisse.
1509 674 1636 735 Sisy-

187 742 379 801 grambis,
405 742 573 789 hortan
602 742 700 787 'bus
725 742 916 803 captivis
935 749 988 789 ut
1011 743 1216 788 animum
1237 759 1265 789 a
1286 756 1494 788 moerore
1510 740 1637 787 adle-

187 816 328 865 varet,
353 809 403 854 in
427 809 602 865 eodem,
629 824 720 869 quo
746 818 881 855 antea
913 809 1017 865 fuit,
1039 809 1349 871 perseveravit.
1372 826 1383 856 :
1421 823 1517 855 non
1546 822 1639 853 vox

186 876 280 921 ulla
313 877 484 922 excidit
519 876 596 930 ei;
633 891 727 921 non
764 877 853 922 oris
888 875 1026 933 color,
1063 877 1277 924 vultusve
1309 882 1515 923 mutatus
1535 881 1654 928 est;-

188 943 305 990 sedit
328 943 589 998 immobilis,
614 941 786 1005 (credo,
807 958 1025 1004 praecoce
1046 944 1219 1003 gaudio
1241 944 1388 991 verita
1407 943 1641 989 fortunam

186 1009 401 1073 irritaregy
428 1011 545 1056 adeo
569 1016 635 1066 ut,
662 1011 771 1069 quid
796 1010 966 1066 mallet,
1000 1010 1288 1058 intuentibus
1321 1009 1463 1057 fuerit
1492 1009 1641 1055 incer-

187 1090 303 1122 tum.

254 1143 408 1190 LVII.
447 1144 572 1192 Inter
594 1145 705 1189 haec
730 1143 956 1199 Menidas,
982 1144 1241 1204 praefectus
1265 1144 1469 1203 equitum
1495 1141 1639 1189 Alex-

190 1211 336 1266 andri,
374 1227 477 1256 cum
524 1212 681 1272 paucis
715 1212 880 1256 turmis
917 1225 1048 1270 opem
1083 1210 1445 1287 impedimentis
1464 1210 1644 1257 laturus

190 1278 277 1322 adx
282 1285 474 1324 encrat
512 1278 737 1325 incertum
775 1292 919 1323 suone
953 1277 1157 1333 consilio,
1183 1294 1243 1324 an
1277 1278 1399 1338 regis
1432 1275 1640 1337 imperio.

193 1345 286 1390 Sed
309 1360 401 1390 nou
428 1326 645 1391 sust-inuit
672 1343 975 1390 Cadusiorum
997 1344 1085 1405 Sc)
1091 1344 1364 1405 tharumque
1385 1344 1640 1420 impetum:

191 1411 360 1472 quippe
384 1411 462 1456 xix
487 1420 669 1458 tentato
692 1412 942 1457 certamine
964 1411 1136 1471 refugit
1169 1412 1229 1457 ad
1261 1427 1431 1472 regem,
1458 1410 1645 1456 amisso-

191 1495 291 1523 rum
315 1479 751 1538 impedimentorum
784 1479 913 1524 testis
937 1478 1097 1538 magis,
1124 1493 1258 1539 quam
1284 1477 1471 1523 vindex
1537 1476 1645 1523 Jam

192 1545 431 1590 eonsilium
458 1546 717 1592 Alexandri
741 1545 874 1591 dolor
899 1544 1070 1592 vicerat
1095 1561 1106 1599 3
1143 1552 1203 1601 et,
1228 1561 1288 1591 ne
1311 1560 1423 1590 cura.
1453 1557 1645 1604 recupe-

192 1612 325 1657 randi
350 1629 431 1658 sua
457 1613 648 1659 militem
672 1628 699 1657 a
722 1612 895 1673 praelio
918 1620 1161 1667 averteret,
1186 1628 1283 1658 non
1304 1610 1536 1657 immerito
1568 1623 1646 1654 ve-

194 1680 394 1726 rebatur.
465 1679 629 1741 Itaque
674 1680 864 1735 Areten
903 1679 1068 1724 ducem
1114 1679 1403 1726 hastatorum
1438 1675 1647 1740 (sarissa-

186 1746 353 1808 phoros
386 1747 654 1809 vocabant),
680 1746 900 1791 adversus
926 1745 1014 1806 Sc)
1019 1746 1121 1793 thas
1154 1746 1318 1793 mittit.
1385 1742 1530 1794 Inter
1536 1742 1649 1792 haee

195 1827 368 1870 currus,
407 1814 485 1874 qui
520 1815 639 1859 circa
684 1813 831 1873 prima
880 1812 1012 1872 signa
1062 1813 1361 1859 turbaverant
1406 1810 1564 1866 aciem,-
1598 1808 1658 1854 in-

193 1879 504 1940 phalangem
492 1881 662 1927 invecti
682 1886 826 1925 erant.
860 1878 1174 1924 ·Macedones
1191 1877 1472 1924 confirmatis
1484 1874 1649 1923 animis

194 1947 242 1990 in
276 1947 476 1992 medium
502 1963 668 2008 agmen
699 1945 949 2007 accipiunt.
1020 1944 1156 1990 Vallo
1179 1945 1338 1990 similis
1360 1943 1481 1990 acies
1512 1934 1644 1988 erat:

187 2013 441 2072 junxerant
465 2014 619 2060 hastas
639 2030 650 2067 ;
681 2020 728 2059 et
751 2014 810 2058 ab
834 2018 1029 2072 utroque
1051 2011 1196 2057 latere
1218 2018 1389 2058 temere
1410 2010 1648 2056 incurren-

197 2080 312 2125 tium
337 2080 418 2126 ilia
441 2081 767 2127 subfodiebant
787 2097 796 2134 ;
824 2078 1063 2125 circumire
1086 2077 1254 2123 deinde
1277 2092 1453 2133 currus,
1473 2081 1521 2123 et
1541 2089 1648 2138 pro-

197 2154 476 2207 pugnatores
496 2147 797 2208 praecipitare
820 2152 1085 2204 coeperunt.
1156 2144 1328 2205 Ingens
1350 2143 1486 2190 ruina
1506 2155 1646 2203 equo·

197 2228 299 2258 rum
338 2215 693 2275 aurigarumque
727 2213 869 2258 aciem
905 2211 1242 2271 compleverat:
1278 2211 1328 2257 hi
1360 2209 1544 2256 territos
1575 2223 1648 2256 re.-
1696 2272 1705 2276 l

199 2296 306 2337 gere
328 2297 422 2327 non
446 2288 692 2343 poterant.
730 2279 837 2340 equi
860 2278 1018 2325 crebra
1032 2278 1290 2338 jactatione
1310 2277 1535 2324 cervicum
1553 2288 1647 2323 nom

191 2347 356 2407 jugum
384 2349 522 2394 modo
545 2354 852 2401 excusserant,
879 2345 959 2391 sed
990 2346 1128 2394 etiam
1162 2361 1323 2392 currus
1356 2344 1645 2393 evei-ternum

199 2415 427 2461 xulnerati
470 2415 736 2463 interfectos
771 2413 1052 2460 trahebant:
1102 2428 1187 2458 nec
1220 2411 1483 2459 consistere.
1498 2405 1650 2454 territi

199 2495 283 2526 nec
318 2482 533 2542 progredi
567 2481 739 2528 debiles
773 2485 1006 2557 poterant:
1074 2478 1254 2526 Paucae
1285 2485 1440 2526 tamen
1464 2487 1650 2525 evasere

200 2548 484 2609 quadrigae
472 2565 521 2595 m
544 2549 751 2596 ultimam
790 2547 946 2602 aciem,
971 2546 1040 2612 iis,
1067 2547 1232 2606 quibus
1262 2542 1540 2590 inciderunt.
1563 2540 1649 2585 mi-

201 2614 383 2662 serabili
428 2622 576 2662 morte
614 2615 933 2675 consumptis:
971 2612 1140 2674 quippe
1171 2614 1410 2672 amputata
1443 2607 1655 2656 virorum⁴

202 2681 408 2728 membra
430 2681 559 2728 humi
574 2683 828 2744 jacebant;
866 2687 913 2727 et
946 2679 1052 2739 quia
1083 2675 1425 2725 calidis-adhue
1447 2672 1648 2720 vulneri·-

200 2752 287 2796 bus
321 2747 480 2793 aberat
513 2749 659 2805 dolor,
696 2748 848 2796 trunci
882 2760 1064 2808 quoque
1097 2753 1145 2793 et
1178 2742 1351 2790 debiles
1381 2755 1509 2786 arma
1544 2754 1646 2787 non

203 2813 516 2868 omittebant;
564 2816 726 2872 donec,
762 2815 913 2862 multo
947 2812 1173 2891 sanguine
1206 2809 1363 2864 effum,
1398 2805 1650 2860 exanimati

203 2851 573 2944 procumberent
1654 2907 1658 2914 ·

269 2947 453 2995 LVIII.
491 2947 684 2995 Interim
708 2948 890 3004 Aretes,
911 2918 1203 3006 Scytharum,
1222 2940 1300 3003 qui
1317 2939 1654 3001 imlwdimentt,

205 3016 495 3081 diripiebant,
530 3014 649 3062 duce
683 3013 847 3070 occiso,
868 3013 1048 3073 gravius
1080 3008 1254 3060 territis
1274 3007 1515 3056 instabat.
1544 3003 1661 3055 Sti-e
