1721 3200
170 152 222 201 [6
525 154 763 212 QUINTI
799 153 1031 202 CURTII
1066 152 1242 202 RUFI.

161 288 465 350 suspicionem
496 288 601 336 initi
646 287 825 336 scelesti
857 286 1034 334 consilii
1078 287 1306 349 praebuit.
1395 286 1605 350 Namque

162 355 367 416 epistola,
392 353 658 417 priusquam
691 355 733 402 ei
765 353 1053 412 redderetur,
1075 355 1124 400 in
1156 369 1317 401 manus
1353 354 1606 403 Alexandri

160 427 445 482 pervenerat,
491 421 748 483 lectamque
792 437 907 479 eam,
946 421 1096 482 ignoti
1140 421 1299 468 annuli
1341 421 1492 483 sigillo
1521 421 1606 468 im·

163 504 332 549 presso,
360 487 498 534 Sisini
522 488 622 536 dari
648 489 862 551 jusserat,
888 488 948 534 ad
971 489 1299 535 aestimandam
1319 487 1458 535 fidem
1488 488 1608 543 Bar*

163 555 280 601 bari.
352 554 447 611 Qui
481 556 589 618 quia
622 572 704 618 per
727 556 982 618 complures
1001 555 1098 602 dies
1121 571 1216 602 non
1238 555 1416 603 adierat
1437 571 1609 618 regem,

164 621 354 670 scelesto
377 623 568 670 consilio
592 639 691 670 eam
714 624 838 670 visus
856 628 927 670 est
948 623 1263 684 suppressisse,
1287 628 1336 669 et
1356 622 1406 668 in
1428 622 1611 684 agmine

161 706 186 733 a
212 687 526 747 Cretensibus,
551 690 678 737 haud
702 691 843 737 dubie
856 689 990 751 jussu
1012 690 1148 751 regis,
1174 690 1349 737 occisus
1371 695 1455 738 est.

228 756 413 802 XVIII.
448 756 553 804 Jam
582 757 750 805 Graeci
772 757 953 813 milites,
979 772 1093 817 quos
1119 756 1383 819 Thymodes
1406 772 1434 802 a
1466 754 1608 804 Phar-

164 824 339 870 nabazo
364 831 617 886 acceperat,
643 824 889 887 praecipua
911 839 1013 886 spes
1037 829 1084 871 et
1105 823 1439 886 propemodum
1460 824 1609 881 unica,

165 891 221 935 ad
248 890 446 937 Darium
468 897 792 953 pervenerant.
858 890 926 937 Hi
946 906 1224 953 magnopere
1256 891 1526 948 suadebant,
1560 898 1614 939 ut

164 968 288 1005 retro
313 958 474 1015 abiret,
500 959 816 1020 spatiososque
838 957 1198 1019 Mesopotamiae
1220 973 1403 1020 campos
1434 963 1612 1019 repete-

164 1031 261 1071 ret:
299 1024 348 1072 Si
381 1025 429 1071 id
463 1026 704 1072 consilium
738 1026 992 1082 damnaret,
1028 1031 1077 1072 at
1098 1026 1176 1071 ille
1200 1024 1427 1073 divideret
1450 1025 1612 1073 saltem

164 1093 316 1153 copias
361 1093 728 1150 innumerabiles,
765 1108 857 1139 neu
902 1092 987 1138 sub
1021 1108 1167 1138 unum
1210 1091 1425 1139 fortunae
1466 1092 1611 1141 ictum

162 1167 283 1206 totas
307 1159 424 1206 vires
447 1160 579 1221 regni
613 1160 776 1206 cadere
809 1165 1057 1221 pateretur.
1127 1158 1283 1206 Minus
1315 1159 1403 1206 hoc
1440 1156 1612 1220 [consi-

160 1223 295 1288 lium]
322 1227 418 1287 regi
442 1242 578 1288 quam
600 1226 865 1289 purpuratis
883 1225 980 1288 ejus
1003 1225 1274 1287 displicebat
1298 1243 1308 1273 :
1347 1226 1611 1288 Ancipitem

159 1293 297 1339 fidem
332 1301 378 1341 et
423 1294 632 1340 mercede
677 1294 883 1340 venalem
925 1293 1233 1354 proditionem
1265 1292 1528 1341 imminere:
1565 1301 1613 1342 et

164 1360 307 1406 dividi
329 1376 424 1407 non
450 1361 510 1406 ob
533 1361 659 1407 aliud
683 1361 836 1421 copias
858 1360 990 1418 velle,
1015 1375 1151 1422 quam
1175 1367 1227 1407 ut
1250 1359 1338 1421 ipsi
1359 1359 1409 1405 in
1431 1360 1612 1407 diversa

163 1427 369 1488 digressi,
395 1428 433 1473 si
456 1428 566 1489 quid
589 1427 880 1474 commissum
902 1432 1036 1480 esset,
1053 1427 1291 1474 traderent
1309 1427 1575 1474 Alexandro
1594 1443 1604 1474 :

162 1494 291 1540 Nihil
326 1494 471 1541 tutius
505 1511 617 1551 esse,
653 1510 791 1556 quam
822 1494 1126 1541 circumdatos
1161 1509 1238 1540 eos
1269 1494 1474 1541 exercitu
1505 1499 1607 1542 toto

159 1561 289 1607 obrui
324 1561 442 1617 telis,
479 1561 808 1609 documentum
841 1576 937 1608 non
957 1561 1132 1608 inultae
1163 1561 1380 1622 perfidiae
1412 1560 1606 1609 futuros.

159 1629 226 1675 At
250 1627 439 1686 Darius,
473 1636 527 1676 ut
546 1636 645 1676 erat
667 1635 851 1676 sanctus
886 1634 935 1675 et
966 1628 1104 1685 mitis,
1129 1644 1177 1674 se
1211 1643 1320 1674 vero
1342 1633 1526 1675 tantum
1541 1627 1610 1675 fa·

158 1695 289 1742 cinus
323 1702 463 1758 negat
496 1711 594 1743 esse
626 1696 869 1756 facturum,
895 1702 948 1744 ut
981 1711 1108 1743 suam
1144 1702 1323 1742 secutos
1343 1695 1482 1742 fidem
1505 1710 1611 1742 suos

158 1762 326 1812 milites
369 1763 527 1827 iubeat
549 1764 772 1825 trucidari
797 1781 808 1830 g
847 1765 1001 1832 Quem
1033 1763 1203 1822 §22:222
1231 1762 1428 1833 amplius
1458 1762 1612 1822 natica

153 1822 272 1896 ‘num
319 1825 580 1896 eri'terarum
615 1843 809 1892 salutem
842 1857 970 1889 suam
1015 1840 1297 1887 crediturum
1331 1836 1431 1895 sibi,
1467 1835 1506 1883 si
1537 1842 1610 1885 tot

157 1916 353 1963 militum
378 1914 602 1975 sanguine
623 1911 862 1961 imbuisset
882 1923 1046 1954 manus
1068 1907 1093 1959 ζ)
1127 1906 1371 1952 Neminem
1394 1903 1613 1955 stolidum

162 1983 402 2030 consilium
426 1981 575 2042 capite
596 1980 726 2026 luere
748 1977 916 2023 debere
939 1991 952 2031 ;
989 1974 1228 2021 defuturos
1263 1972 1385 2024 enim
1407 1970 1488 2033 qui
1507 1986 1612 2018 sua-2

160 2051 337 2105 derent,
358 2049 396 2095 si
419 2047 611 2095 suasisse
633 2044 887 2107 periculum
910 2047 1055 2089 esset:
1094 2040 1324 2101 Denique,
1348 2038 1471 2100 ipsos
1494 2053 1611 2100 quo-

163 2117 278 2164 tidie
301 2116 361 2163 ad
385 2131 433 2162 se
455 2113 611 2161 vocari
643 2113 692 2158 in
727 2110 966 2158 consilium
992 2108 1233 2168 variasque
1257 2105 1509 2153 sententias
1541 2104 1611 2152 di-

165 2200 296 2239 cere3
332 2198 417 2229 nec
450 2189 608 2229 tamen
641 2177 841 2226 melioris
873 2176 982 2222 fidei
1018 2174 1189 2230 haberi,
1225 2173 1303 2235 qui
1337 2171 1613 2234 prudentius

168 2250 406 2298 suaserint.
476 2247 639 2311 Itaque
686 2243 875 2291 Graecis
909 2241 1114 2289 nuntiari
1140 2240 1312 2302 jubet;
1347 2240 1497 2301 ipsum
1529 2237 1610 2314 qui

168 2319 271 2365 dem
309 2314 658 2364 benevolentiae
689 2313 873 2358 illorum
905 2310 1077 2371 gratias
1113 2323 1279 2369 agere;
1315 2313 1533 2360 ceterum,
1572 2319 1611 2350 sl

166 2391 291 2433 retro
313 2385 380 2430 ire
412 2381 590 2445 pergat,
614 2379 740 2426 haud
773 2377 913 2424 dubie
945 2391 1140 2436 regnum
1173 2373 1380 2420 hostibus
1412 2370 1611 2421 traditu-

165 2467 267 2498 rum
292 2468 301 2498 :
327 2451 449 2497 fama
471 2449 592 2496 bella
613 2454 748 2503 stare,
774 2453 821 2492 et
838 2460 942 2491 eum
966 2443 1043 2507 qui
1067 2441 1251 2488 recedat
1270 2439 1432 2500 fugere
1453 2436 1578 2483 credi
1597 2452 1608 2483 z

175 2517 410 2564 Trahendi
448 2531 557 2562 vero
602 2514 710 2561 belli
744 2514 821 2558 vix
864 2511 1004 2557 ullam
1039 2524 1136 2556 esse
1169 2507 1419 2559 rationem;
1454 2509 1612 2579 tantae

173 2585 295 2632 enim
328 2582 630 2639 multitudini,
665 2581 826 2642 utique
858 2593 1000 2639 quum
1026 2576 1123 2638 jam
1144 2575 1303 2636 hyems
1322 2572 1529 2627 instaret,
1563 2584 1614 2615 111

174 2651 363 2712 regione
383 2657 513 2696 vasta
533 2655 580 2695 ct
601 2648 797 2694 invicem
820 2661 847 2692 a
880 2645 973 2691 suis
995 2652 1133 2705 atque
1154 2641 1286 2686 hoste
1306 2643 1484 2712 veJata,
1518 2650 1613 2682 non

176 2719 423 2765 suffectura
455 2715 705 2762 alimenta:
753 2713 828 2761 Ne
875 2711 1019 2758 dividi
1051 2707 1235 2781 quidem
1273 2718 1425 2765 coplas
1468 2717 1612 2780 posse,

175 2791 356 2833 servato
377 2797 503 2829 more
526 2781 762 2842 majorum,
797 2778 876 2841 qui
909 2777 1142 2824 universas
1174 2785 1291 2817 vn'es
1313 2784 1490 2845 semper
1522 2768 1615 2815 dis-

176 2851 354 2899 crimini
385 2849 607 2896 bellorum
641 2847 918 2893 obtulerint:
953 2842 1016 2890 Et
1046 2837 1232 2887 hercule
1249 2835 1502 2884 terribllem
1535 2850 1617 2882 an-

177 2926 254 2966 tea
273 2932 430 2980 regem
463 2921 510 2962 et
542 2914 749 2960 absentia
782 2928 866 2959 sua
898 2910 958 2959 ad
987 2921 1150 2954 vanam
1181 2903 1396 2952 fiduciam
1429 2902 1614 2959 elatum,

178 2991 476 3048 posteaquam
510 2980 759 3030 adventare
792 2994 841 3027 se
857 2974 1061 3033 senserit,
1086 2977 1270 3020 cautum
1302 2985 1387 3034 pro
1419 2974 1614 3020 temets-
