1721 3200
129 125 190 172 14
515 124 759 182 QUINTI
795 123 1025 173 CURTII
1060 124 1228 174 RUFI
1293 119 1302 127 ’

124 261 250 309 fecit.
319 260 498 323 Itaque,
537 265 550 287 ‘
569 261 620 309 Si
654 259 770 320 Dii?
810 261 977 324 inquit,
1017 265 1030 287 ‘
1046 261 1276 325 Philippe,
1311 261 1399 310 tibi
1431 263 1601 325 perni-
1632 260 1638 273 '

127 330 295 377 sissent
319 345 412 391 quo
435 329 635 376 maxime
657 329 799 377 modo
822 335 1028 377 animum
1042 330 1185 377 velles
1203 329 1406 394 experiri
1427 340 1600 388 meum,

125 398 217 445 alio
239 397 450 459 profecto
472 397 711 456 voluisses,
737 398 821 444 sed
844 399 1041 446 certiore
1064 414 1204 460 quam
1227 407 1449 461 expertus
1467 413 1518 446 es
1538 412 1604 446 ne

125 472 331 528 optasses
354 465 575 527 quidem:
611 465 700 513 hac
723 466 916 528 epistola
951 474 1155 529 accepta,
1191 473 1349 514 tamen
1371 466 1499 529 quod
1531 465 1604 513 di-

123 535 278 580 lueras
301 532 413 592 bibi,
451 540 499 582 et
534 549 661 581 nunc
678 535 830 592 crede,
856 550 931 581 me
964 550 1062 581 non
1095 535 1249 582 minus
1283 550 1370 597 pro
1402 541 1490 582 tua
1509 534 1606 582 fide

125 617 264 664 quam
286 617 372 664 pro
406 617 510 649 mea
543 602 692 650 salute
715 618 815 650 esse
838 601 1103 650 solicitum.²
1170 602 1306 651 Haec
1340 602 1605 666 eloquutus‚

126 671 339 717 dextram
366 668 585 734 Philippo
609 670 761 719 offert.
1413 689 1418 694 ·

192 737 300 786 XV.
340 737 576 796 Ceterum,
624 744 759 787 tant-a
793 738 862 785 vis
900 738 1221 786 medicaminis
1255 738 1359 797 fuit,
1395 746 1451 787 ut
1484 754 1606 803 quae

124 812 322 868 sequuta
368 814 479 854 sunt
515 806 886 854 criminationem
935 806 1255 854 Parmenionis
1301 807 1568 870 adjuverint
1593 823 1605 853 τ

124 874 406 922 interclusus
430 875 619 938 spiritus
643 882 770 922 arcte
793 875 993 922 meabat.
1063 875 1165 922 Nec
1202 874 1447 938 Philippus
1469 874 1606 938 quid-

125 958 266 1004 quam
289 943 586 1006 inexpertum
606 943 761 990 omisit
785 959 805 998 ᾳ»
832 942 911 990 ille
925 942 1131 991 fomenta
1154 945 1337 1007 cqrpori
1360 943 1570 992 admovit
1593 960 1606 999 ;

125 1011 205 1058 ille
239 1017 505 1074 torpentem
528 1027 655 1057 nunc
680 1010 771 1057 cibi
794 1026 921 1057 nunc
944 1011 1043 1057 vini
1061 1011 1206 1058 odore
1229 1012 1466 1060 excitavit.
1515 1011 1607 1061 At-

127 1095 232 1141 que,
260 1089 314 1126 ut
337 1079 538 1141 primum
562 1079 733 1126 mentis
752 1084 1013 1140 compotem
1038 1094 1137 1126 esse
1161 1079 1320 1137 sens-it,
1344 1079 1486 1127 modo
1507 1094 1606 1126 ma-

125 1148 211 1195 tris
236 1162 553 1209 sororumque,
589 1146 730 1193 modo
754 1154 914 1194 tantae
933 1147 1155 1195 victoriae
1189 1147 1608 1210 appropinquantis

128 1215 380 1262 admonere
403 1231 501 1262 non
524 1215 723 1262 destitit.
795 1213 859 1261 Ut
894 1230 1004 1262 vero
1027 1214 1421 1263 medicamentum
1444 1231 1494 1262 se
1517 1214 1608 1262 dif-

126 1283 251 1331 fudit
274 1283 324 1329 in
346 1299 502 1342 venas,
535 1290 583 1330 et
606 1283 777 1330 sensim
799 1290 902 1330 toto
926 1298 1119 1345 corpore
1152 1283 1401 1332 salubritas
1433 1283 1609 1346 percipi

127 1351 299 1413 potuit,
319 1352 470 1413 primo
492 1352 673 1398 animus
697 1351 905 1413 vigorem
929 1367 1079 1408 suum,
1104 1351 1276 1398 deinde
1299 1367 1468 1415 corpus
1490 1366 1606 1414 quo-

128 1435 218 1481 que
268 1420 596 1482 expectatione
636 1419 865 1466 maturius
911 1419 1204 1481 recuperavit
1228 1436 1239 1474 ;
1288 1419 1460 1483 quippe
1500 1424 1608 1481 post

128 1488 321 1536 tertium
358 1488 483 1534 diem
507 1503 647 1550 quam
665 1487 715 1533 in
738 1487 828 1533 hoc
861 1494 986 1534 statu
1020 1490 1187 1544 fuerat,
1223 1487 1275 1534 in
1308 1495 1605 1550 conspectum

131 1555 332 1604 militum
355 1556 500 1602 venit.
570 1555 673 1602 Nec
707 1555 888 1601 avidius
910 1555 1062 1616 ipsum
1084 1571 1243 1617 regem
1268 1571 1406 1618 quam
1432 1554 1609 1618 Philip-

131 1639 244 1686 pum
261 1624 536 1672 intuebatur
560 1623 792 1671 exercitus
819 1640 829 1669 ε
866 1639 953 1685 pro
988 1639 1037 1670 se
1060 1623 1255 1685 quisque
1278 1624 1492 1672 dextram
1510 1623 1611 1685 ejus

131 1691 333 1755 amplexi
353 1698 511 1753 grates
535 1691 771 1738 habebant
796 1691 923 1738 velut
948 1691 1183 1753 praesenti
1217 1691 1325 1739 deo.
1392 1691 1609 1753 Namque

130 1759 255 1807 haud
275 1759 410 1807 facile
444 1760 576 1806 dictu
600 1766 685 1816 est,
722 1767 907 1822 praeter
940 1759 1203 1821 ingenitam
1233 1759 1304 1806 illi
1335 1759 1470 1820 genti
1503 1773 1609 1819 erga

131 1844 267 1890 reges
301 1844 409 1875 suos
443 1828 806 1884 venerationem,
855 1836 1085 1889 quantum
1117 1826 1256 1888 hujus
1291 1827 1454 1888 utique
1486 1825 1611 1888 regis

131 1897 207 1943 vel
230 1895 542 1952 admirationi,
569 1895 718 1943 dediti
740 1894 931 1952 fuerint,
968 1894 1043 1941 vel
1076 1894 1272 1942 caritate
1294 1894 1609 1956 flagraverint.

132 1963 425 2026 Jampridem
469 1963 587 2009 nihil
633 1963 733 2010 sine
780 1962 939 2009 divina
973 1977 1062 2025 ope
1094 1961 1290 2023 aggredi
1324 1962 1608 2010 videbatur:

131 2047 255 2089 nam,
292 2047 437 2093 quum
460 2038 582 2078 esset
615 2036 801 2093 praesto
833 2030 1008 2092 ubique
1041 2029 1244 2087 fortuna,
1291 2030 1528 2078 temeritas
1559 2028 1610 2078 in

133 2099 332 2162 gloriam
373 2106 587 2146 cesserat.
657 2100 804 2146 Aetas
845 2114 1031 2160 quoque
1063 2098 1141 2143 vix
1165 2097 1310 2146 tantis
1333 2104 1517 2146 matura
1537 2113 1611 2146 re-

130 2170 234 2226 bus,
260 2167 343 2215 sed
366 2166 554 2214 abunde
577 2166 823 2223 sufficiens,
850 2166 1008 2212 omnia
1026 2165 1125 2228 ejus
1150 2182 1291 2227 opera
1313 2165 1607 2214 honestabat.

135 2236 201 2284 Et
223 2251 343 2298 quae
366 2235 541 2282 leviora
571 2234 733 2280 haberi
757 2234 910 2281 solent
944 2234 1220 2296 plerumque
1254 2234 1305 2280 in
1338 2249 1464 2296 rege,
1489 2232 1610 2280 mili-

134 2304 226 2351 tari
247 2303 465 2366 graviora
487 2303 630 2364 vulgo
648 2309 773 2359 sunt,
791 2301 1063 2349 exercitatio
1093 2302 1301 2365 corporis
1312 2302 1438 2349 inter
1469 2300 1607 2363 ἰρεοε,

138 2371 291 2420 cultus
329 2371 610 2433 habitusque
642 2370 883 2432 paululum
921 2386 947 2416 a
979 2370 1163 2431 privato
1197 2370 1464 2426 abhorrens,
1489 2367 1608 2414 mili-

139 2439 253 2487 taris
276 2439 436 2501 vigor:
475 2439 606 2501 queis
628 2438 706 2484 ille
740 2438 814 2484 vel
837 2437 1016 2498 ingenii
1039 2437 1228 2484 dot-ibus
1252 2436 1325 2483 vs]
1343 2434 1483 2483 animi
1498 2434 1610 2484 arti-

138 2508 240 2564 bus,
260 2513 315 2554 ut
338 2507 512 2568 pariter
536 2522 669 2553 carus
691 2522 744 2552 ac
765 2506 1058 2552 venerandus
1082 2514 1217 2562 esset,
1242 2504 1471 2552 effecerat.

209 2573 342 2621 XVI.
381 2573 424 2622 7.
463 2575 531 2622 At
550 2573 741 2629 Darius,
761 2574 935 2620 nuncio
953 2574 1012 2620 de
1036 2573 1231 2620 adversa
1252 2570 1521 2619 valetudine
1532 2586 1610 2619 ae-

143 2649 295 2705 cepto,
345 2641 596 2699 celeritate,
641 2649 863 2703 quantam
910 2657 1074 2703 capere
1119 2648 1216 2688 tam
1258 2653 1403 2700 grave
1441 2653 1610 2700 agmen

141 2714 340 2774 poterat,
367 2708 428 2755 ad
447 2707 723 2770 Euphraten
747 2709 1006 2766 contendit,
1023 2708 1284 2770 junctoque
1298 2721 1356 2753 eo
1372 2706 1611 2768 pontibus,

143 2778 349 2842 quinque
387 2775 578 2823 tandein
613 2777 777 2824 diebus
801 2776 984 2838 trajecit
1006 2773 1274 2831 exercitum,
1302 2773 1510 2820 Ciliciam
1533 2791 1611 2822 oe-

144 2860 315 2910 cupare
335 2843 575 2892 festinans.
666 2844 868 2906 Jamque
902 2842 1188 2898 Alexander,
1212 2841 1388 2888 viribus
1405 2833 1614 2905 corporis

143 2913 356 2976 receptis,
382 2911 443 2958 ad
478 2912 640 2957 mbem
667 2911 800 2959 Solos
833 2917 1121 2973 pervenerat,
1148 2908 1281 2970 cujus
1302 2909 1495 2971 potitus,
1522 2910 1611 2958 du·

145 2982 290 3030 centis
326 2979 514 3029 talentis
549 2979 736 3026 nomine
759 2980 960 3027 mulctae
992 2976 1180 3035 exactis,
1205 2976 1300 3024 arci
1333 2977 1614 3040 praesidium
