1721 3200
113 167 176 214 46
546 167 753 220 LIBER
788 167 1132 226 QUARTUS.

111 303 217 349 dem
241 303 473 350 excidium
507 303 703 371 augurio
725 302 805 350 illo
839 305 1093 367 portendi·
1082 339 1094 363 ,
1129 309 1348 362 ceterum,
1385 303 1569 368 periun-

109 370 203 416 lum
229 387 341 428 esse,
378 387 438 417 ne
469 385 553 418 rex
587 365 755 418 vulnus
789 373 1045 436 acciperet:
1083 373 1242 435 itaque
1275 372 1471 431 monuit,
1506 388 1577 420 nm

107 437 220 498 quid
256 454 312 485 eo
345 438 423 484 die
454 438 695 500 inciperet.
782 439 866 486 Ille
911 455 1189 502 quamquam
1233 454 1374 486 unam
1405 440 1576 487 urbem

106 505 207 562 sihi,
244 521 337 566 quo
382 506 536 553 minus
580 521 769 552 securus
821 510 1090 570 Aegyptum
1130 507 1342 565 intraret,
1379 506 1570 556 obstare

103 587 243 632 aegre
273 572 466 632 ferebat,
503 580 659 621 tamen
699 574 856 636 paruit
894 576 1006 631 vati,
1041 575 1320 636 signumque
1350 574 1564 637 receptui

102 640 246 686 dedit.

170 706 325 753 XXV.
362 706 428 753 H
419 723 492 754 ine
515 708 591 753 ani
598 725 697 756 mus
732 725 837 756 crex
841 710 878 756 it
901 708 1111 767 obsessis,
1149 710 1413 771 egressique
1433 716 1580 773 porta

101 775 424 822 recedentibus
443 774 649 823 inferunt
672 777 840 838 signa3
875 777 1220 823 cunctationem
1239 772 1445 826 hbstium
1466 776 1570 824 fore

100 858 227 886 suam
263 844 551 889 occasionem
595 845 704 891 rati.
776 844 867 890 Sed
913 844 1064 890 acrius
1098 860 1236 906 quam
1272 844 1569 892 constantius

98 909 322 970 praelium
358 909 601 957 inierunt:
641 911 823 972 quippe,
859 919 914 958 ut
947 911 1257 960 Macedonum
1295 912 1422 972 signa
1467 911 1558 960 cir-

42 992 47 1002 “
100 978 281 1038 ‹·umagi
317 978 489 1033 videre,
527 990 717 1040 repente
753 979 923 1026 sistunt
969 979 1184 1039 gradum.
1274 978 1473 1041 Jamque
1507 978 1574 1025 ad.

101 1060 256 1104 regem
290 1045 613 1106 praeliantium
651 1046 822 1092 clamor
846 1053 1137 1108 pervenerat,
1173 1063 1316 1107 quum
1341 1045 1565 1094 denunci-

100 1111 163 1157 ati
188 1112 381 1173 periculi
400 1112 522 1157 haud
551 1129 661 1158 sane
685 1129 874 1170 memor,
896 1113 1083 1159 loricam
1108 1120 1282 1170 tamen,
1301 1129 1438 1175 quam
1461 1129 1569 1160 raro

100 1179 340 1235 induebat,
379 1179 534 1225 amicis
569 1181 809 1227 orantibus
843 1180 1055 1242 sumpsit,
1079 1187 1127 1227 et
1160 1181 1222 1226 ad
1244 1181 1394 1242 prima
1427 1181 1563 1242 signa

98 1247 327 1308 pervenit.
422 1246 530 1303 Quo
567 1257 815 1308 conspecto
851 1248 1002 1293 Arabs
1038 1247 1224 1309 quidam
1264 1247 1398 1294 Darii
1433 1247 1565 1294 miles

98 1314 244 1375 majus
268 1315 455 1361 fortuna
479 1330 563 1360 sua
583 1314 763 1361 facinus
788 1331 939 1371 ausus,
967 1315 1130 1377 clypeo
1154 1314 1361 1375 gladium
1386 1321 1569 1376 tegens,

99 1381 228 1441 quasi
253 1381 495 1442 transfuga
520 1382 717 1441 genibus
742 1383 864 1443 regis
889 1383 1153 1429 advolvitur
1179 1399 1189 1428 ε
1225 1382 1305 1429 ille
1327 1398 1572 1443 assurgere

99 1448 369 1511 supplicem,
403 1448 638 1511 recipique
660 1449 783 1496 inter
818 1465 924 1496 suos
950 1449 1105 1510 jussit.
1177 1450 1247 1496 At
1269 1449 1427 1511 gladio
1460 1450 1568 1496 bar·

97 1517 237 1561 barus
285 1524 477 1563 strenue
510 1517 558 1562 in
593 1516 809 1563 dextram
846 1517 1087 1573 trans‘latO,
1126 1517 1350 1564 cervicem
1384 1517 1573 1579 appetit.

98 1584 220 1644 regis
243 1600 254 1631 :
291 1585 385 1644 qui,
424 1583 594 1644 exigua
618 1584 822 1644 corporis
845 1584 1160 1631 declinatione
1182 1584 1357 1631 evitato
1379 1584 1494 1640 ictu,
1516 1583 1568 1630 in

99 1666 270 1696 vanum
303 1666 492 1696 manum
526 1651 710 1697 barbari
744 1651 915 1712 lapsam
956 1657 1167 1713 amputat
1190 1651 1365 1712 gladio,
1389 1650 1572 1697 denun-

99 1718 220 1764 ciato
254 1718 302 1763 in
338 1718 471 1763 illum
497 1717 619 1763 diem
656 1718 878 1780 periculo,
917 1726 971 1765 ut
1005 1718 1320 1766 arbitrabatur
1347 1718 1461 1781 ipse,
1487 1717 1588 1764 de-·

97 1787 299 1832 functus.
373 1785 480 1841 Sed,
508 1791 562 1831 ut
580 1785 758 1847 opinor,
785 1786 1055 1833 inevitabile
1075 1794 1145 1833 est
1167 1785 1346 1840 fatum3
1373 1785 1559 1848 quippe,

97 1853 209 1898 dum
235 1852 359 1900 inter
382 1853 606 1914 primores
630 1854 890 1914 promptius
914 1852 1118 1908 dimicat,
1137 1852 1308 1913 sagitta
1324 1852 1447 1899 ictus
1465 1858 1568 1900 est:
1620 1849 1622 1851 ¹

98 1935 234 1981 quam
258 1936 342 1981 per
365 1919 547 1966 loricam
576 1920 802 1975 adactam,
841 1928 1043 1967 stantem
1065 1919 1112 1964 in
1138 1919 1333 1965 humero
1361 1918 1570 1965 medicus

99 1987 199 2048 ujus
219 1986 461 2049 Philippus
479 1987 650 2034 evellit.
721 1987 955 2032 Plurimus
973 1986 1143 2032 deinde
1165 1985 1355 2047 sanguis
1378 2001 1568 2032 manare

99 2053 283 2116 coepit;
320 2054 536 2100 omnibus
559 2053 748 2110 territis,
775 2054 883 2115 quia
917 2069 1155 2114 nunquam
1189 2060 1285 2100 tam
1310 2053 1407 2100 alte
1427 2069 1567 2114 pene-

98 2132 246 2167 trasse
290 2122 450 2176 telum,
493 2121 637 2167 lorica
682 2122 912 2176 obstante,
950 2127 1283 2181 cognoverant.
1352 2119 1472 2183 lpse,
1507 2135 1573 2166 ne

102 2189 193 2234 oris
217 2189 404 2250 quidem
429 2187 584 2234 colore
605 2194 801 2245 mutato,
839 2187 1061 2249 supprimi
1095 2188 1369 2248 sanguinem
1393 2192 1441 2234 et
1462 2187 1565 2234 vul·

102 2273 187 2302 nus
216 2255 413 2316 obligari
429 2254 585 2316 jussit.
657 2254 755 2300 Diu
779 2263 890 2301 ant-e
906 2255 1004 2315 ipsa
1020 2255 1166 2316 signa,
1187 2255 1262 2301 vel
1279 2253 1570 2301 dissimulato

101 2322 174 2368 vel
200 2324 322 2370 victo
341 2323 516 2379 dolore,
532 2322 821 2384 1·›erstitcrat;
849 2326 991 2383 quum
1016 2337 1285 2384 suppressus
1298 2321 1440 2384 paulo
1455 2326 1575 2367 ante-

102 2390 290 2449 sanguis
325 2390 664 2436 medicamento
696 2404 885 2435 manare
918 2389 1057 2436 latius
1091 2389 1279 2451 coepit:
1318 2387 1573 2436 etrulnuae

102 2457 226 2518 quod
251 2473 410 2503 recens
445 2456 599 2504 adhuc
620 2456 825 2502 dolorem
862 2471 958 2502 non
992 2462 1214 2513 moverat,
1239 2455 1442 2516 frigente
1461 2469 1567 2500 san-

100 2522 257 2583 guine,
283 2524 523 2570 intumuit.
595 2523 766 2583 Linqui
791 2523 961 2569 deinde
977 2523 1131 2569 animo
1146 2532 1193 2571 ct
1207 2521 1417 2569 submitti
1441 2535 1567 2581 genu

105 2590 286 2650 coepit;
324 2606 460 2650 quem
484 2590 683 2651 proximi
706 2599 950 2652 exceptum
984 2591 1032 2635 in
1068 2597 1220 2636 castra
1249 2591 1525 2650 receperunt
1550 2604 1562 2633 z

104 2665 152 2704 ct
178 2655 323 2712 Betis,
343 2657 637 2703 interfectum
656 2664 798 2715 ratus,
820 2658 981 2703 urbem
1007 2672 1147 2703 ovans
1170 2654 1364 2703 victoria
1379 2653 1577 2715 repet-iu

171 2722 352 2787 XXVI
391 2722 460 2770 At
492 2723 776 2779 Alexander,
820 2724 1028 2770 nondum
1071 2727 1318 2785 percurato
1357 2719 1565 2778 uthere,

105 2805 340 2852 aggerem,
364 2805 456 2851 quo
481 2791 713 2837 moenium
738 2790 1033 2839 altitudinem
1056 2794 1290 2850 aequaret,
1306 2786 1568 2843 exstruxit;
1642 2836 1650 2841 ,

110 2864 157 2904 ct
180 2857 392 2920 pluribus
416 2857 642 2903 cuniculis
664 2874 819 2904 muros
841 2856 1002 2904 subrui
1022 2855 1179 2917 jussit.
1247 2853 1486 2918 Oppidani
1506 2855 1568 2902 ad

110 2925 356 2985 pristinum
379 2922 616 2984 fastigium
651 2925 886 2970 moenium
908 2937 1082 2983 npvum
1113 2926 1384 2968 exstruxere
1417 2921 1572 2967 muni,

110 2999 351 3048 mentum3
401 2989 482 3038 sed
534 2988 690 3036 ne‘id
735 2991 923 3052 quidem
955 2995 1109 3038 turres
1141 2987 1309 3050 aggeri.
1333 2986 1576 3050 impositu
