1721 3200
163 159 224 206 aa
538 159 780 217 otim
818 158 1053 206 ccRTn
1093 158 1256 206 RUFI
1311 144 1316 147 ’

160 295 414 358 composito
438 295 637 356 agmine,
665 294 985 342 antecedebat.
1055 292 1147 340 Sed
1186 293 1428 341 Persarum
1465 295 1621 358 explo-

158 370 333 411 ratores
369 370 501 410 erant
541 362 666 409 mille
699 362 856 418 ferme,
901 361 976 421 qui
1011 360 1206 422 speciem
1243 360 1440 423 agminis
1473 363 1624 423 magni

157 430 395 477 fecerant:
432 429 599 491 quippe
634 429 715 476 ubi
750 429 981 491 explorari
1016 444 1125 475 vera
1157 444 1252 475 non
1276 437 1485 491 possunt,
1509 426 1624 477 falsa.

158 513 238 558 per
262 505 436 544 metum
461 504 765 558 augurantur.
835 496 926 542 His
961 495 1174 557 cognitis,
1210 511 1293 543 rex
1327 511 1432 543 cum
1465 495 1623 559 paucis

157 579 345 610 suorum
380 571 650 625 assequutus
685 579 855 626 agmen
890 563 1218 625 refugientium
1255 564 1315 610 ad
1350 579 1473 621 suos,
1507 563 1623 610 alios

156 631 336 688 cecidit,
371 632 484 678 alios
519 632 676 694 cepit:
715 631 983 692 equitesque
1016 630 1255 692 praemisit
1289 630 1427 677 simul
1461 646 1622 693 specu-

155 699 316 755 latum,
344 699 477 745 simul
513 707 565 747 ut
588 700 759 760 ignem,
786 713 874 758 quo
897 697 1093 745 Barbari
1128 703 1446 746 cremaverant
1478 697 1623 754 vicos,

155 767 482 827 extinguerent
509 784 518 814 :
557 768 730 829 quippe
752 766 982 827 fugientes
1005 766 1174 828 raptim
1199 766 1334 814 tectis
1358 765 1622 827 acervisque

153 833 372 881 frumenti
421 833 677 895 injecerant
725 834 947 887 flammas,
983 848 1100 894 quae
1150 847 1290 893 quum
1339 833 1390 879 in
1441 847 1621 880 summo

154 901 422 957 haesissent,
460 902 520 947 ad
551 902 770 948 inferiora
817 900 1026 947 nondum
1078 907 1451 964 penetraverant.
1524 899 1620 947 Ex-

154 969 300 1016 tincto
335 969 479 1029 igitur
511 969 634 1030 igne,
672 968 919 1032 plurimum
967 968 1187 1016 frumenti
1233 974 1469 1031 repertum
1515 977 1618 1015 est:

155 1036 290 1097 copia
315 1036 509 1082 aliarum
534 1051 713 1097 quoque
751 1052 904 1082 rerum
940 1036 1177 1083 abundare
1211 1042 1478 1099 coeperunt.
1550 1035 1621 1082 Ea.

152 1120 223 1150 res
246 1104 345 1166 ipsa
368 1104 504 1151 militi
529 1104 587 1150 ad
612 1103 978 1166 persequendum
1004 1104 1186 1151 hostem
1221 1104 1426 1150 animum
1457 1103 1617 1150 incen-

152 1172 247 1225 dit;
287 1171 471 1233 quippe,
491 1179 655 1219 urente
679 1178 727 1219 et
750 1171 1002 1233 populante
1020 1186 1075 1217 eo
1098 1176 1283 1227 terram,
1301 1170 1617 1218 festinandum

147 1246 261 1296 erat,
289 1254 348 1285 ne
371 1238 587 1286 incendio
612 1245 780 1286 cuncta
802 1238 1101 1300 praeriperet,
1173 1238 1230 1284 In
1253 1238 1480 1285 rationem
1504 1253 1617 1300 ergo

150 1306 397 1353 necessitas
421 1322 553 1353 versa
571 1323 582 1362 ;
621 1306 791 1369 quippe
827 1306 1055 1363 Mazaeus,
1093 1305 1172 1368 qui
1205 1311 1343 1352 antea
1365 1321 1447 1368 per
1470 1306 1616 1353 otium

150 1374 273 1420 vicos
296 1373 582 1429 incenderat,
612 1373 710 1435 jam
745 1374 907 1435 fugere
942 1379 1202 1430 contentus,
1228 1373 1445 1435 pleraque
1466 1372 1617 1420 invio-

148 1442 242 1488 lata
276 1440 399 1488 hosti
433 1441 633 1503 reliquit.
716 1441 986 1487 Alexander
1033 1440 1158 1488 haud
1211 1440 1395 1501 longius
1429 1447 1617 1489 centum

149 1508 483 1569 quinqua-ginta
506 1509 667 1556 stadiis
692 1508 886 1555 Darium
914 1509 1073 1555 abesse
1107 1513 1424 1569 compercrat3
1459 1507 1615 1569 itaque

147 1576 206 1623 ad
252 1575 513 1624 satietatem
559 1591 740 1638 quoque
785 1577 917 1638 copia
962 1582 1303 1624 commeatuum
1349 1574 1620 1633 instructus,

149 1643 396 1705 quatriduo
418 1643 466 1689 in
491 1644 656 1690 eodem
681 1643 783 1691 loco
808 1644 1027 1691 substitit.
1319 1679 1322 1682 «

216 1710 345 1758 XLI.
385 1710 678 1774 Interceptae
713 1711 883 1759 deinde
919 1711 1054 1758 Darii
1088 1710 1251 1758 literae
1286 1716 1410 1768 sunt,
1448 1709 1613 1771 quibus

150 1778 319 1825 Graeci
343 1778 512 1825 milites
535 1779 898 1836 solicitabantur,
920 1785 974 1826 ut
997 1794 1152 1841 regem
1177 1786 1258 1826 aut
1279 1778 1613 1834 interficerent,

148 1853 227 1894 aut
252 1845 505 1907 proderent
531 1863 540 1892 :
579 1846 913 1907 dubitavitque,
941 1863 1000 1892 an
1023 1862 1099 1893 eas
1134 1861 1218 1907 pro
1253 1845 1474 1892 concione
1497 1845 1613 1892 reci-

148 1920 282 1969 taret,
309 1914 419 1961 satis
444 1914 640 1961 confisus
667 1913 951 1961 Graecorum
987 1928 1170 1975 quoque
1203 1928 1316 1973 erga
1339 1928 1387 1958 se
1411 1912 1611 1958 benevo-

147 1981 315 2028 lentiae
349 1997 402 2027 ac
434 1981 562 2026 fidei.
649 1981 742 2028 Sed
779 1981 1026 2027 Parmenio
1061 1980 1327 2034 deterruit;
1376 1994 1471 2025 non
1512 1995 1612 2026 esse

146 2048 316 2096 talibus
339 2048 575 2110 promissis
598 2048 872 2095 imbuendas
905 2063 1037 2094 aures
1071 2047 1270 2095 militum
1297 2064 1307 2094 :
1345 2053 1503 2108 patere
1538 2047 1612 2094 vel

143 2116 280 2162 unius
313 2114 491 2161 insidiis
514 2113 700 2176 rege‘m:
751 2114 867 2162 nihil
913 2114 1040 2161 nefas
1086 2130 1184 2162 esse
1224 2113 1460 2162 avaritiae.
1529 2113 1612 2162 Se-

142 2190 314 2244 quutus
350 2182 529 2229 consilii
563 2189 810 2239 auctorem,
849 2189 999 2229 castra
1045 2182 1207 2230 movit.
1293 2181 1390 2229 Iter
1423 2180 1610 2229 facienti

143 2251 300 2314 spado,
327 2265 446 2298 unus
471 2265 527 2296 ex
551 2251 743 2312 captivis
768 2250 845 2310 qui
871 2249 1004 2296 Darii
1031 2265 1220 2297 uxorem
1248 2248 1600 2306 comitabantur,

143 2319 337 2366 deficere
360 2333 459 2364 eam
485 2318 689 2374 nuncim,
726 2324 772 2365 et
809 2317 883 2363 vix
919 2318 1129 2379 spiritum
1165 2317 1348 2364 ducere.
1420 2315 1603 2363 Itineris

140 2385 348 2433 continui
398 2385 556 2431 labore
607 2385 837 2447 animique
888 2384 1180 2446 aegritudine
1223 2383 1433 2445 fatigata,
1480 2382 1603 2429 inter

138 2469 293 2500 socrus
318 2461 364 2501 et
388 2452 611 2513 virginum
634 2453 834 2499 filiarum
866 2467 1027 2499 manus
1062 2451 1260 2513 collapsa
1293 2456 1406 2506 erat,
1431 2448 1602 2496 deinde

144 2527 189 2566 et
237 2521 478 2568 extincta:
514 2519 561 2566 id
595 2520 744 2582 ipsum
780 2520 1004 2566 nuncians
1036 2519 1152 2566 alius
1186 2516 1467 2580 supervenit.
1537 2515 1599 2579 Et

141 2602 237 2643 rex,
282 2587 406 2633 haud
442 2603 570 2634 secus
606 2602 742 2648 quam
776 2587 814 2634 si
845 2587 1050 2648 parentis
1084 2602 1192 2634 suae
1225 2599 1347 2632 mors
1380 2583 1599 2632 nunciata

141 2659 275 2710 esset,
295 2655 479 2701 crebros
503 2654 650 2702 edidit
673 2651 875 2716 gemitus
895 2672 905 2701 :
932 2654 1221 2715 lacrimisque
1244 2650 1420 2699 obortis
1443 2651 1598 2712 quales

143 2719 316 2767 Darius
338 2721 631 2781 profudisset,
657 2722 706 2768 in
730 2721 1092 2777 tabernaculum,
1118 2721 1166 2767 in
1201 2734 1292 2779 quo
1316 2724 1465 2765 mater
1497 2726 1597 2766 erat

143 2787 293 2845 Darii,
317 2786 535 2834 defuncto
559 2788 764 2836 assidens
787 2788 981 2850 corpori,
1006 2787 1148 2835 venit.
1217 2785 1312 2832 Hic
1330 2800 1438 2832 vero
1461 2801 1596 2833 reno-

142 2862 275 2903 vatus
308 2860 378 2901 est
411 2870 605 2911 moeror,
641 2862 690 2903 ut
724 2862 1004 2918 prostratam
1049 2854 1176 2900 humi
1222 2852 1372 2900 vidit:
1421 2853 1598 2901 recenti

141 2922 262 2969 malo
285 2921 488 2984 priorum
524 2935 704 2982 quoque
737 2923 989 2979 admonita,
1026 2926 1255 2983 receperat
1288 2920 1337 2966 in
1370 2919 1597 2982 gremium

142 2989 320 3038 adultas
355 2987 563 3049 virgines,
599 3004 769 3052 magna
812 2989 995 3050 quidem
1031 2987 1178 3035 mutui
1212 2986 1384 3036 doloris
1418 2987 1599 3045 solatia,
