1721 3200
429 203 672 264 QUINTI
711 202 950 254 cun'rn
985 201 1168 254 RUFI.
1465 201 1532 251 ⁴8

66 338 234 391 dianes
264 342 315 390 ot
338 338 617 389 Arachosios
650 339 928 396 nominaret,
965 346 1244 401 ceterasque·
1268 343 1435 400 gentes
1468 338 1529 385 ad

68 407 324 458 Caucasum
358 414 408 457 et
442 407 639 455 Tanaim
664 407 969 470 pertinentes.
1063 405 1409 454 Senescendum
1431 405 1531 452 sore

68 483 251 525 tunm
284 483 512 523 terrarum
546 475 621 522 vel
654 476 755 522 sine
775 476 951 537 praelio
985 475 1179 522 obeunti
1204 491 1214 520 :
1244 472 1315 520 Se
1336 487 1447 520 vero
1469 473 1532 519 ad

67 543 220 606 ipsum
250 557 419 591 vocare
450 542 714 590 desineret:
751 557 952 604 namque
975 542 1098 588 illius
1121 541 1264 590 exitio
1287 555 1387 588 esse
1420 555 1531 588 ven-

65 616 241 659 turum.
309 609 579 657 Alexander
612 610 667 656 iis
701 609 780 673 qui
812 609 971 658 literas
994 609 1252 657 attulerant
1276 608 1532 671 respondit,

68 676 265 726 Darium
298 676 389 724 sibi
421 676 572 724 aliena
605 677 913 738 promittere3
963 677 1090 740 quod
1125 685 1277 725 totum
1311 675 1533 734 amiserit,

68 743 189 791 velle
211 744 399 807 partiri:
437 743 559 793 Doti
572 744 660 791 sibi
683 744 785 791 dari
808 743 1025 807 Lydiam,
1051 744 1245 799 Ioniam,
1274 744 1532 803 Aeolidem,

67 808 368 874 Hellesponti
389 826 532 868 oram,
559 812 781 860 victoriae
803 828 914 859 suae
947 811 1179 874 praemia:
1217 811 1343 872 leges
1377 820 1533 861 autem

66 894 97 927 a
115 877 371 928 victoribus
392 877 500 936 dici,
527 879 672 941 accipi
697 895 724 925 a
747 880 880 927 victis
899 897 910 927 t
949 880 1003 926 ln
1022 886 1129 926 utro
1153 886 1279 927 statu
1303 880 1439 927 ambo
1460 896 1532 928 ω-

69 950 188 1003 sent,
213 945 254 993 si
275 945 403 994 solus
435 945 689 1008 ignoraret,
727 962 865 1009 quam
899 948 1100 1009 primum
1136 945 1291 994 Marte
1314 946 1535 995 decerne·

67 1020 140 1062 ret
162 1030 175 1062 t
212 1012 477 1075 Sequoque
500 1029 642 1075 quum
667 1015 909 1061 transisset
932 1030 1072 1067 mare,
1105 1029 1199 1060 non
1224 1013 1432 1061 Ciliciam
1452 1024 1538 1064 aut

67 1078 270 1144 Lydiam
305 1081 500 1143 (quippe
523 1082 643 1129 tanti
680 1081 789 1127 belli
814 1082 1030 1143 exiguam
1068 1083 1188 1128 hane
1228 1098 1329 1128 esse
1362 1098 1537 1130 merce-

65 1146 216 1211 dem),
239 1147 324 1195 sed
360 1147 642 1209 Persepolim
668 1156 809 1210 eaput
846 1150 979 1209 regni
1003 1148 1118 1210 ejus,
1157 1148 1324 1197 Bactra
1347 1149 1536 1209 deinde,

64 1220 116 1264 et
139 1213 394 1271 Ecbatana,
420 1215 666 1277 ultimique
690 1216 900 1264 Orientis
935 1232 1060 1263 oram
1099 1216 1293 1278 imperio
1315 1232 1400 1264 suo
1433 1219 1538 1265 des·

63 1280 265 1331 tinssse:
305 1282 603 1345 Quocunque
636 1282 715 1329 ille
747 1284 905 1343 fugere
938 1285 1180 1346 potuisset,
1218 1285 1369 1346 ipsum
1405 1285 1536 1348 sequi

62 1364 227 1411 posse:
264 1349 499 1397 desineret
535 1358 711 1397 terrere
746 1351 1029 1408 fluminibuS,
1065 1369 1204 1415 quem
1228 1351 1368 1400 sciret
1391 1354 1537 1401 maria

63 1417 298 1466 transisse.

128 1483 264 1532 XXI.
302 1483 461 1546 Reges
484 1483 672 1546 quidem
707 1485 903 1533 invicem
928 1485 1041 1533 haec
1076 1485 1374 1549 scripserant.
1443 1487 1536 1537 Sed

65 1549 246 1600 Rhodii
263 1552 423 1598 urbem
444 1568 571 1599 suam
594 1561 846 1614 portusque
863 1555 1100 1602 dedebant
1124 1555 1414 1602 Alexandro.
1453 1555 1538 1603 Ille

67 1616 279 1667 Ciliciam
316 1619 498 1667 Socrati
539 1619 810 1670 tradiderat.
848 1620 1035 1670 Philota
1067 1622 1248 1682 regioni
1283 1623 1405 1671 circa
1438 1622 1537 1687 Ty-

66 1700 171 1733 rum
195 1686 329 1748 jusso
374 1687 651 1748 praesidere.
696 1688 879 1749 Syriam
915 1704 1036 1751 quae
1082 1689 1225 1736 Coele
1258 1691 1534 1753 appellatur.

71 1752 400 1800 Andromacho
444 1753 690 1800 Parmenio
729 1756 1002 1812 tradiderat,
1041 1757 1164 1804 bello
1203 1758 1331 1819 quod
1375 1774 1535 1821 super·

65 1827 167 1868 erat
186 1820 512 1868 interfuturus.
583 1821 703 1875 Rex,
745 1821 1093 1884 Hephaestione
1121 1824 1377 1873 Phoenices
1407 1841 1536 1873 oram

65 1887 212 1935 classe
247 1888 536 1950 praetervehi
554 1887 702 1948 jusso,
729 1891 789 1935 ad
814 1891 974 1937 urbem
1002 1890 1161 1938 Gazan
1188 1908 1292 1939 cum
1319 1893 1536 1941 omnibus

65 1955 210 2017 copiis
245 1956 391 2002 venit.
461 1954 629 2003 lisdem
654 1956 750 2002 fere
774 1957 939 2006 diebus
963 1958 1154 2005 solenne
1177 1968 1279 2007 erat
1302 1960 1534 2008 ludicrum

68 2019 383 2077 Isthmiorum,
421 2024 545 2084 quod
574 2033 807 2071 conventu
833 2026 978 2072 totius
1005 2026 1231 2074 Graeciae
1254 2027 1533 2077 celebratur.

69 2085 126 2135 ln
142 2102 200 2135 eo
212 2090 420 2152 consilio,
439 2096 492 2136 ut
509 2102 619 2137 sunt
640 2091 929 2140 Graecorum
951 2096 1230 2156 temporaria
1248 2095 1534 2157 ingenia,de·

68 2163 283 2212 munt,
302 2160 371 2205 ‘ut
403 2156 667 2218 quindecim
694 2159 967 2219 legarentur
989 2162 1047 2207 ad
1074 2178 1247 2223 regem,
1268 2163 1362 2225 qni,
1381 2164 1445 2210 ob
1462 2179 1535 2210 res

67 2237 153 2286 pro
176 2222 326 2270 salute
350 2223 576 2271 Graeciae
598 2241 651 2272 ac
674 2225 892 2275 libertate
913 2236 1084 2289 gestas,
1105 2245 1325 2277 coronam
1348 2245 1536 2279 auream

67 2289 245 2337 donum
282 2291 503 2339 victoriae
537 2292 742 2340 ferrent.)
834 2295 980 2342 Iidem
1015 2297 1156 2358 paulo
1186 2304 1296 2344 ante
1330 2298 1538 2346 incertae

64 2356 215 2405 famae
260 2366 563 2419 captaverant
594 2375 767 2416 auram,
817 2372 884 2418 ut,
937 2378 1235 2425 quocumque
1277 2364 1536 2426 pendentes

67 2424 247 2473 animos
271 2426 455 2474 tulisset
479 2427 682 2484 fortuna,
701 2438 1021 2491 sequerentur.
1059 2430 1294 2486 Ceterum,
1322 2446 1416 2478 non
1435 2433 1535 2495 ipse

69 2493 209 2540 modo
233 2508 313 2539 rex
331 2494 493 2542 obibat
511 2494 663 2547 urbes,
688 2495 867 2558 imperii
885 2497 1055 2558 jugum
1073 2498 1225 2544 adhue
1249 2509 1531 2556 recusantes,

67 2557 150 2608 aed
175 2567 411 2623 praetores
428 2576 619 2622 quoque
643 2562 803 2619 ipsius,
825 2565 1002 2624 egregii
1027 2565 1182 2622 duces,
1220 2566 1440 2630 pleraque
1462 2569 1532 2614 in·

64 2636 295 2675 ruerant.
367 2628 503 2675 Calas
531 2627 907 2690 Paphlagoniam.
930 2632 1200 2692 Antigonus
1216 2632 1530 2696 Lycaoniam:

67 2690 308 2750 Balacrus,
351 2695 518 2741 Idarnc
554 2704 766 2757 praetore
792 2696 921 2744 Darii
959 2707 1191 2761 superato,
1218 2699 1433 2749 Miletum
1457 2718 1531 2748 ec-

66 2760 174 2825 pit:
213 2762 529 2824 Amphoterus
552 2772 600 2809 et
628 2762 926 2824 Hegelochus
950 2776 1137 2815 eentum
1172 2769 1417 2830 sexaginta
1451 2783 1532 2816 na-

66 2827 191 2876 vium
213 2828 359 2877 classe
380 2830 555 2877 insulas
577 2830 700 2875 inter
724 2830 948 2879 Achaiam
972 2843 1114 2896 atque
1137 2835 1298 2882 Asiam
1321 2836 1369 2882 in
1390 2836 1530 2884 ditio-

69 2906 177 2943 Μ
207 2897 467 2944 Alexandri
502 2897 801 2959 redegerunt.
871 2899 1065 2948 Tenedo
1108 2917 1298 2965 quoque
1329 2910 1529 2965 recepta,

71 2957 258 3022 Chium,
291 2964 455 3012 incolis
489 2965 616 3012 ultro
650 2965 939 3023 vocantibus,
975 2976 1246 3017 statuerant·
1268 2984 1528 3031 occuparez

67 3027 151 3076 sed
178 3025 502 3080 Pha-nubum
526 3031 659 3080 Darii
684 3042 884 3095 praetor,
909 3035 1252 3099 comprehensis
1273 3036 1444 3098 quires
1465 3036 1527 3085 ad
