<?xml version="1.0" encoding="UTF-8"?>
<!DOCTYPE html PUBLIC "-//W3C//DTD XHTML 1.0 Transitional//EN"
    "http://www.w3.org/TR/xhtml1/DTD/xhtml1-transitional.dtd">
<html xmlns="http://www.w3.org/1999/xhtml" xml:lang="en" lang="en">
 <head>
  <title>
</title>
<meta http-equiv="Content-Type" content="text/html;charset=utf-8" />
  <meta name='ocr-system' content='tesseract 3.04.00' />
  <meta name='ocr-capabilities' content='ocr_page ocr_carea ocr_par ocr_line ocrx_word'/>
</head>
<body>
  <div class='ocr_page' id='page_1' title='image "./eclogaecurtianae00curtuoft_0039.png"; bbox 0 0 1721 3200; ppageno 0'>
   <div class='ocr_carea' id='block_1_1' title="bbox 540 168 1554 219">
    <p class='ocr_par' dir='ltr' id='par_1_1' title="bbox 540 168 1554 219">
     <span class='ocr_line' id='line_1_1' title="bbox 540 168 1554 219; baseline 0.001 -1"><span class='ocrx_word' id='word_1_1' title='bbox 540 168 748 218; x_wconf 88' lang='lat' dir='ltr'><strong>LIBER</strong></span> <span class='ocrx_word' id='word_1_2' title='bbox 783 168 1093 219; x_wconf 83' lang='lat' dir='ltr'><strong>TERTIUS.</strong></span> <span class='ocrx_word' id='word_1_3' title='bbox 1492 174 1554 219; x_wconf 75' lang='lat'>25</span> 
     </span>
    </p>
   </div>
   <div class='ocr_carea' id='block_1_2' title="bbox 90 305 1568 3075">
    <p class='ocr_par' dir='ltr' id='par_1_2' title="bbox 90 305 1564 1847">
     <span class='ocr_line' id='line_1_2' title="bbox 157 305 1553 369; baseline 0 -14"><span class='ocrx_word' id='word_1_4' title='bbox 157 305 340 355; x_wconf 86' lang='lat' dir='ltr'><strong>XXXI.</strong></span> <span class='ocrx_word' id='word_1_5' title='bbox 375 305 646 354; x_wconf 82' lang='lat' dir='ltr'>Alexander</span> <span class='ocrx_word' id='word_1_6' title='bbox 687 312 876 369; x_wconf 83' lang='lat' dir='ltr'>postera</span> <span class='ocrx_word' id='word_1_7' title='bbox 920 306 1012 365; x_wconf 90' lang='lat' dir='ltr'>die,</span> <span class='ocrx_word' id='word_1_8' title='bbox 1059 321 1164 353; x_wconf 88' lang='lat' dir='ltr'>cum</span> <span class='ocrx_word' id='word_1_9' title='bbox 1210 321 1322 353; x_wconf 87' lang='lat' dir='ltr'>cura</span> <span class='ocrx_word' id='word_1_10' title='bbox 1361 307 1553 369; x_wconf 79' lang='lat' dir='ltr'><strong>sepultis</strong></span> 
     </span>
     <span class='ocr_line' id='line_1_3' title="bbox 90 372 1553 437; baseline 0 -15"><span class='ocrx_word' id='word_1_11' title='bbox 90 374 315 423; x_wconf 74' lang='lat' dir='ltr'>militibus</span> <span class='ocrx_word' id='word_1_12' title='bbox 346 389 545 437; x_wconf 90' lang='lat' dir='ltr'>quorum</span> <span class='ocrx_word' id='word_1_13' title='bbox 578 389 775 437; x_wconf 81' lang='lat' dir='ltr'>corpora</span> <span class='ocrx_word' id='word_1_14' title='bbox 807 375 1064 430; x_wconf 80' lang='lat' dir='ltr'>invenerat,</span> <span class='ocrx_word' id='word_1_15' title='bbox 1103 372 1345 421; x_wconf 78' lang='lat' dir='ltr'>Persarum</span> <span class='ocrx_word' id='word_1_16' title='bbox 1369 389 1553 437; x_wconf 90' lang='lat' dir='ltr'>quoque</span> 
     </span>
     <span class='ocr_line' id='line_1_4' title="bbox 94 441 1556 505; baseline 0.001 -17"><span class='ocrx_word' id='word_1_17' title='bbox 94 442 387 490; x_wconf 71' lang='lat' dir='ltr'>nobilissimis</span> <span class='ocrx_word' id='word_1_18' title='bbox 420 441 621 489; x_wconf 88' lang='lat' dir='ltr'>eundem</span> <span class='ocrx_word' id='word_1_19' title='bbox 660 442 886 489; x_wconf 84' lang='lat' dir='ltr'>honorem</span> <span class='ocrx_word' id='word_1_20' title='bbox 921 442 1081 489; x_wconf 85' lang='lat' dir='ltr'>haberi</span> <span class='ocrx_word' id='word_1_21' title='bbox 1109 441 1278 503; x_wconf 85' lang='lat' dir='ltr'>jubet;</span> <span class='ocrx_word' id='word_1_22' title='bbox 1327 443 1556 505; x_wconf 87' lang='lat' dir='ltr'>matrique</span> 
     </span>
     <span class='ocr_line' id='line_1_5' title="bbox 95 509 1557 573; baseline 0.001 -16"><span class='ocrx_word' id='word_1_23' title='bbox 95 510 230 558; x_wconf 79' lang='lat' dir='ltr'>Darii</span> <span class='ocrx_word' id='word_1_24' title='bbox 251 509 496 573; x_wconf 83' lang='lat' dir='ltr'>permittit.</span> <span class='ocrx_word' id='word_1_25' title='bbox 520 524 637 571; x_wconf 91' lang='lat' dir='ltr'>quos</span> <span class='ocrx_word' id='word_1_26' title='bbox 654 510 812 567; x_wconf 83' lang='lat' dir='ltr'>vellet,</span> <span class='ocrx_word' id='word_1_27' title='bbox 840 511 993 572; x_wconf 89' lang='lat' dir='ltr'>patrio</span> <span class='ocrx_word' id='word_1_28' title='bbox 1027 525 1156 556; x_wconf 91' lang='lat' dir='ltr'>more</span> <span class='ocrx_word' id='word_1_29' title='bbox 1190 509 1397 571; x_wconf 88' lang='lat' dir='ltr'>sepelire.</span> <span class='ocrx_word' id='word_1_30' title='bbox 1470 511 1557 558; x_wconf 87' lang='lat' dir='ltr'>Illa</span> 
     </span>
     <span class='ocr_line' id='line_1_6' title="bbox 93 577 1559 641; baseline -0.001 -13"><span class='ocrx_word' id='word_1_31' title='bbox 93 594 265 641; x_wconf 76' lang='lat' dir='ltr'>paucos</span> <span class='ocrx_word' id='word_1_32' title='bbox 296 584 425 625; x_wconf 83' lang='lat' dir='ltr'>arcta</span> <span class='ocrx_word' id='word_1_33' title='bbox 441 577 789 640; x_wconf 81' lang='lat' dir='ltr'>propinquitate</span> <span class='ocrx_word' id='word_1_34' title='bbox 821 577 1097 639; x_wconf 89' lang='lat' dir='ltr'>conjunctos</span> <span class='ocrx_word' id='word_1_35' title='bbox 1119 593 1205 639; x_wconf 88' lang='lat' dir='ltr'>pro</span> <span class='ocrx_word' id='word_1_36' title='bbox 1228 577 1391 626; x_wconf 88' lang='lat' dir='ltr'>habitu</span> <span class='ocrx_word' id='word_1_37' title='bbox 1427 595 1559 641; x_wconf 88' lang='lat' dir='ltr'>prae-</span> 
     </span>
     <span class='ocr_line' id='line_1_7' title="bbox 94 644 1556 708; baseline 0.001 -16"><span class='ocrx_word' id='word_1_38' title='bbox 94 647 238 696; x_wconf 75' lang='lat' dir='ltr'>sentia</span> <span class='ocrx_word' id='word_1_39' title='bbox 255 645 473 694; x_wconf 70' lang='lat' dir='ltr'>fortunae</span> <span class='ocrx_word' id='word_1_40' title='bbox 493 644 674 692; x_wconf 83' lang='lat' dir='ltr'>humari</span> <span class='ocrx_word' id='word_1_41' title='bbox 690 645 834 707; x_wconf 88' lang='lat' dir='ltr'>jussit</span> <span class='ocrx_word' id='word_1_42' title='bbox 858 662 870 700; x_wconf 91' lang='grc'>;</span> <span class='ocrx_word' id='word_1_43' title='bbox 908 654 1183 708; x_wconf 83' lang='lat' dir='ltr'>apparatum</span> <span class='ocrx_word' id='word_1_44' title='bbox 1207 645 1437 703; x_wconf 86' lang='lat' dir='ltr'>funerum,</span> <span class='ocrx_word' id='word_1_45' title='bbox 1464 663 1556 707; x_wconf 88' lang='lat' dir='ltr'>quo</span> 
     </span>
     <span class='ocr_line' id='line_1_8' title="bbox 97 713 1558 776; baseline 0 -15"><span class='ocrx_word' id='word_1_46' title='bbox 97 715 265 763; x_wconf 78' lang='lat' dir='ltr'>Persae</span> <span class='ocrx_word' id='word_1_47' title='bbox 286 728 502 776; x_wconf 80' lang='lat' dir='ltr'>suprema</span> <span class='ocrx_word' id='word_1_48' title='bbox 528 713 678 760; x_wconf 84' lang='lat' dir='ltr'>officia</span> <span class='ocrx_word' id='word_1_49' title='bbox 699 713 1005 769; x_wconf 68' lang='lat' dir='ltr'>celebrarent,</span> <span class='ocrx_word' id='word_1_50' title='bbox 1030 713 1311 759; x_wconf 79' lang='lat' dir='ltr'>invidiosum</span> <span class='ocrx_word' id='word_1_51' title='bbox 1346 713 1445 760; x_wconf 84' lang='lat' dir='ltr'>fore</span> <span class='ocrx_word' id='word_1_52' title='bbox 1478 731 1558 761; x_wconf 85' lang='lat' dir='ltr'>ex·</span> 
     </span>
     <span class='ocr_line' id='line_1_9' title="bbox 93 781 1558 843; baseline -0.001 -15"><span class='ocrx_word' id='word_1_53' title='bbox 93 783 315 839; x_wconf 70' lang='lat' dir='ltr'>istimans,</span> <span class='ocrx_word' id='word_1_54' title='bbox 373 795 516 841; x_wconf 91' lang='lat' dir='ltr'>quum</span> <span class='ocrx_word' id='word_1_55' title='bbox 561 781 760 829; x_wconf 86' lang='lat' dir='ltr'>victores</span> <span class='ocrx_word' id='word_1_56' title='bbox 804 781 932 828; x_wconf 89' lang='lat' dir='ltr'>haud</span> <span class='ocrx_word' id='word_1_57' title='bbox 974 781 1177 843; x_wconf 86' lang='lat' dir='ltr'>pretiose</span> <span class='ocrx_word' id='word_1_58' title='bbox 1223 791 1558 830; x_wconf 82' lang='lat' dir='ltr'>cremarentur.</span> 
     </span>
     <span class='ocr_line' id='line_1_10' title="bbox 92 848 1558 913; baseline -0.001 -15"><span class='ocrx_word' id='word_1_59' title='bbox 92 851 291 912; x_wconf 85' lang='lat' dir='ltr'>Jamque</span> <span class='ocrx_word' id='word_1_60' title='bbox 309 849 448 913; x_wconf 83' lang='lat' dir='ltr'>justis</span> <span class='ocrx_word' id='word_1_61' title='bbox 469 848 797 896; x_wconf 79' lang='lat' dir='ltr'>defunctorum</span> <span class='ocrx_word' id='word_1_62' title='bbox 830 850 1103 911; x_wconf 81' lang='lat' dir='ltr'>corporibus</span> <span class='ocrx_word' id='word_1_63' title='bbox 1126 849 1304 905; x_wconf 90' lang='lat' dir='ltr'>solutis,</span> <span class='ocrx_word' id='word_1_64' title='bbox 1341 852 1558 911; x_wconf 86' lang='lat' dir='ltr'>praemit-</span> 
     </span>
     <span class='ocr_line' id='line_1_11' title="bbox 96 917 1561 980; baseline -0.001 -14"><span class='ocrx_word' id='word_1_65' title='bbox 96 920 154 967; x_wconf 88' lang='lat' dir='ltr'>tit</span> <span class='ocrx_word' id='word_1_66' title='bbox 175 919 237 966; x_wconf 83' lang='lat' dir='ltr'>ad</span> <span class='ocrx_word' id='word_1_67' title='bbox 257 917 464 980; x_wconf 83' lang='lat' dir='ltr'>captivas</span> <span class='ocrx_word' id='word_1_68' title='bbox 481 918 560 977; x_wconf 90' lang='lat' dir='ltr'>qui</span> <span class='ocrx_word' id='word_1_69' title='bbox 584 918 862 964; x_wconf 86' lang='lat' dir='ltr'>nunciarent</span> <span class='ocrx_word' id='word_1_70' title='bbox 886 917 1037 978; x_wconf 86' lang='lat' dir='ltr'>ipsum</span> <span class='ocrx_word' id='word_1_71' title='bbox 1055 917 1214 963; x_wconf 81' lang='lat' dir='ltr'>venire</span> <span class='ocrx_word' id='word_1_72' title='bbox 1233 934 1244 965; x_wconf 76' lang='lat' dir='ltr'><strong><em>z</em></strong></span> <span class='ocrx_word' id='word_1_73' title='bbox 1270 917 1561 979; x_wconf 81' lang='lat' dir='ltr'>inhibitaque</span> 
     </span>
     <span class='ocr_line' id='line_1_12' title="bbox 94 984 1560 1047; baseline -0.001 -13"><span class='ocrx_word' id='word_1_74' title='bbox 94 986 415 1034; x_wconf 84' lang='lat' dir='ltr'>comitantium</span> <span class='ocrx_word' id='word_1_75' title='bbox 461 986 617 1041; x_wconf 87' lang='lat' dir='ltr'>turba,</span> <span class='ocrx_word' id='word_1_76' title='bbox 656 985 1010 1031; x_wconf 85' lang='lat' dir='ltr'>tabernaculum</span> <span class='ocrx_word' id='word_1_77' title='bbox 1056 1000 1162 1030; x_wconf 86' lang='lat' dir='ltr'>cum</span> <span class='ocrx_word' id='word_1_78' title='bbox 1207 984 1560 1047; x_wconf 83' lang='lat' dir='ltr'>Hephaestione</span> 
     </span>
     <span class='ocr_line' id='line_1_13' title="bbox 92 1052 1561 1115; baseline -0.001 -13"><span class='ocrx_word' id='word_1_79' title='bbox 92 1056 253 1102; x_wconf 79' lang='lat' dir='ltr'>intrat.</span> <span class='ocrx_word' id='word_1_80' title='bbox 309 1053 355 1100; x_wconf 91' lang='lat' dir='ltr'>Is</span> <span class='ocrx_word' id='word_1_81' title='bbox 377 1053 511 1113; x_wconf 86' lang='lat' dir='ltr'>longe</span> <span class='ocrx_word' id='word_1_82' title='bbox 534 1053 739 1099; x_wconf 91' lang='lat' dir='ltr'>omnium</span> <span class='ocrx_word' id='word_1_83' title='bbox 764 1052 1018 1098; x_wconf 86' lang='lat' dir='ltr'>amicorum</span> <span class='ocrx_word' id='word_1_84' title='bbox 1041 1052 1303 1099; x_wconf 84' lang='lat' dir='ltr'>carissimus</span> <span class='ocrx_word' id='word_1_85' title='bbox 1321 1060 1421 1100; x_wconf 89' lang='lat' dir='ltr'>erat</span> <span class='ocrx_word' id='word_1_86' title='bbox 1445 1056 1561 1115; x_wconf 83' lang='lat' dir='ltr'>regi,</span> 
     </span>
     <span class='ocr_line' id='line_1_14' title="bbox 93 1120 1564 1184; baseline -0.001 -15"><span class='ocrx_word' id='word_1_87' title='bbox 93 1137 199 1169; x_wconf 88' lang='lat' dir='ltr'>cum</span> <span class='ocrx_word' id='word_1_88' title='bbox 220 1122 323 1184; x_wconf 84' lang='lat' dir='ltr'>ipso</span> <span class='ocrx_word' id='word_1_89' title='bbox 346 1121 522 1183; x_wconf 82' lang='lat' dir='ltr'>pariter</span> <span class='ocrx_word' id='word_1_90' title='bbox 543 1120 782 1175; x_wconf 84' lang='lat' dir='ltr'>educatus,</span> <span class='ocrx_word' id='word_1_91' title='bbox 808 1130 1093 1166; x_wconf 88' lang='lat' dir='ltr'>secretorum</span> <span class='ocrx_word' id='word_1_92' title='bbox 1118 1120 1326 1166; x_wconf 89' lang='lat' dir='ltr'>omnium</span> <span class='ocrx_word' id='word_1_93' title='bbox 1351 1121 1525 1168; x_wconf 89' lang='lat' dir='ltr'>arbiter</span> <span class='ocrx_word' id='word_1_94' title='bbox 1553 1140 1564 1168; x_wconf 77' lang='lat' dir='ltr'>z</span> 
     </span>
     <span class='ocr_line' id='line_1_15' title="bbox 90 1187 1559 1250; baseline 0.001 -14"><span class='ocrx_word' id='word_1_95' title='bbox 90 1189 321 1237; x_wconf 79' lang='lat' dir='ltr'>libertatis</span> <span class='ocrx_word' id='word_1_96' title='bbox 337 1202 521 1250; x_wconf 91' lang='lat' dir='ltr'>quoque</span> <span class='ocrx_word' id='word_1_97' title='bbox 534 1188 583 1234; x_wconf 92' lang='lat' dir='ltr'>in</span> <span class='ocrx_word' id='word_1_98' title='bbox 601 1187 900 1234; x_wconf 86' lang='lat' dir='ltr'>admonendo</span> <span class='ocrx_word' id='word_1_99' title='bbox 918 1203 974 1232; x_wconf 92' lang='lat' dir='ltr'>eo</span> <span class='ocrx_word' id='word_1_100' title='bbox 990 1202 1083 1232; x_wconf 92' lang='lat' dir='ltr'>non</span> <span class='ocrx_word' id='word_1_101' title='bbox 1104 1187 1222 1233; x_wconf 91' lang='lat' dir='ltr'>alius</span> <span class='ocrx_word' id='word_1_102' title='bbox 1238 1187 1316 1248; x_wconf 86' lang='lat' dir='ltr'>jus</span> <span class='ocrx_word' id='word_1_103' title='bbox 1334 1187 1559 1244; x_wconf 84' lang='lat' dir='ltr'>habebat;</span> 
     </span>
     <span class='ocr_line' id='line_1_16' title="bbox 94 1255 1558 1318; baseline -0.001 -13"><span class='ocrx_word' id='word_1_104' title='bbox 94 1257 220 1318; x_wconf 86' lang='lat' dir='ltr'>quod</span> <span class='ocrx_word' id='word_1_105' title='bbox 251 1266 411 1304; x_wconf 83' lang='lat' dir='ltr'>tamen</span> <span class='ocrx_word' id='word_1_106' title='bbox 432 1256 499 1303; x_wconf 81' lang='lat' dir='ltr'>ita</span> <span class='ocrx_word' id='word_1_107' title='bbox 523 1256 793 1317; x_wconf 87' lang='lat' dir='ltr'>usurpabat,</span> <span class='ocrx_word' id='word_1_108' title='bbox 828 1262 883 1301; x_wconf 90' lang='lat' dir='ltr'>ut</span> <span class='ocrx_word' id='word_1_109' title='bbox 917 1255 1058 1315; x_wconf 88' lang='lat' dir='ltr'>magis</span> <span class='ocrx_word' id='word_1_110' title='bbox 1081 1271 1107 1301; x_wconf 89' lang='lat' dir='ltr'>a</span> <span class='ocrx_word' id='word_1_111' title='bbox 1141 1271 1253 1316; x_wconf 88' lang='lat' dir='ltr'>rege</span> <span class='ocrx_word' id='word_1_112' title='bbox 1285 1256 1558 1318; x_wconf 87' lang='lat' dir='ltr'>permissum</span> 
     </span>
     <span class='ocr_line' id='line_1_17' title="bbox 94 1323 1562 1386; baseline -0.001 -14"><span class='ocrx_word' id='word_1_113' title='bbox 94 1340 228 1386; x_wconf 84' lang='lat' dir='ltr'>quam</span> <span class='ocrx_word' id='word_1_114' title='bbox 247 1325 533 1372; x_wconf 88' lang='lat' dir='ltr'>vindicatum</span> <span class='ocrx_word' id='word_1_115' title='bbox 550 1324 610 1370; x_wconf 87' lang='lat' dir='ltr'>ab</span> <span class='ocrx_word' id='word_1_116' title='bbox 624 1339 680 1369; x_wconf 86' lang='lat' dir='ltr'>eo</span> <span class='ocrx_word' id='word_1_117' title='bbox 703 1323 942 1369; x_wconf 89' lang='lat' dir='ltr'>videretur</span> <span class='ocrx_word' id='word_1_118' title='bbox 960 1331 1036 1370; x_wconf 88' lang='lat' dir='ltr'>:et</span> <span class='ocrx_word' id='word_1_119' title='bbox 1053 1323 1173 1369; x_wconf 91' lang='lat' dir='ltr'>sicut</span> <span class='ocrx_word' id='word_1_120' title='bbox 1189 1332 1343 1370; x_wconf 87' lang='lat' dir='ltr'>aetate</span> <span class='ocrx_word' id='word_1_121' title='bbox 1361 1339 1445 1385; x_wconf 87' lang='lat' dir='ltr'>par</span> <span class='ocrx_word' id='word_1_122' title='bbox 1462 1338 1562 1371; x_wconf 89' lang='lat' dir='ltr'>erat</span> 
     </span>
     <span class='ocr_line' id='line_1_18' title="bbox 91 1390 1562 1455; baseline -0.001 -14"><span class='ocrx_word' id='word_1_123' title='bbox 91 1393 207 1455; x_wconf 82' lang='lat' dir='ltr'>regi,</span> <span class='ocrx_word' id='word_1_124' title='bbox 230 1393 298 1441; x_wconf 84' lang='lat' dir='ltr'>ita</span> <span class='ocrx_word' id='word_1_125' title='bbox 318 1393 525 1455; x_wconf 81' lang='lat' dir='ltr'>corporis</span> <span class='ocrx_word' id='word_1_126' title='bbox 546 1391 712 1438; x_wconf 84' lang='lat' dir='ltr'>habitu</span> <span class='ocrx_word' id='word_1_127' title='bbox 735 1392 1017 1453; x_wconf 87' lang='lat' dir='ltr'>praestabat.</span> <span class='ocrx_word' id='word_1_128' title='bbox 1067 1390 1195 1451; x_wconf 84' lang='lat' dir='ltr'>Ergo</span> <span class='ocrx_word' id='word_1_129' title='bbox 1218 1391 1421 1451; x_wconf 85' lang='lat' dir='ltr'>reginae,</span> <span class='ocrx_word' id='word_1_130' title='bbox 1433 1392 1562 1439; x_wconf 87' lang='lat' dir='ltr'>illum</span> 
     </span>
     <span class='ocr_line' id='line_1_19' title="bbox 90 1457 1563 1523; baseline -0.001 -15"><span class='ocrx_word' id='word_1_131' title='bbox 90 1476 248 1523; x_wconf 77' lang='lat' dir='ltr'>regem</span> <span class='ocrx_word' id='word_1_132' title='bbox 270 1477 370 1508; x_wconf 62' lang='lat' dir='ltr'>esse</span> <span class='ocrx_word' id='word_1_133' title='bbox 392 1468 535 1517; x_wconf 87' lang='lat' dir='ltr'>ratae,</span> <span class='ocrx_word' id='word_1_134' title='bbox 572 1475 656 1506; x_wconf 91' lang='lat' dir='ltr'>suo</span> <span class='ocrx_word' id='word_1_135' title='bbox 679 1474 807 1504; x_wconf 82' lang='lat' dir='ltr'>inore</span> <span class='ocrx_word' id='word_1_136' title='bbox 830 1468 1078 1504; x_wconf 82' lang='lat' dir='ltr'>veneratae</span> <span class='ocrx_word' id='word_1_137' title='bbox 1112 1465 1235 1505; x_wconf 87' lang='lat' dir='ltr'>sunt.</span> <span class='ocrx_word' id='word_1_138' title='bbox 1307 1457 1425 1505; x_wconf 90' lang='lat' dir='ltr'>Inde</span> <span class='ocrx_word' id='word_1_139' title='bbox 1459 1475 1563 1523; x_wconf 86' lang='lat' dir='ltr'>spa-</span> 
     </span>
     <span class='ocr_line' id='line_1_20' title="bbox 92 1525 1559 1591; baseline -0.002 -15"><span class='ocrx_word' id='word_1_140' title='bbox 92 1529 293 1576; x_wconf 89' lang='lat' dir='ltr'>donibus</span> <span class='ocrx_word' id='word_1_141' title='bbox 315 1529 525 1591; x_wconf 81' lang='lat' dir='ltr'>captivis,</span> <span class='ocrx_word' id='word_1_142' title='bbox 561 1527 662 1588; x_wconf 87' lang='lat' dir='ltr'>quis</span> <span class='ocrx_word' id='word_1_143' title='bbox 697 1525 967 1572; x_wconf 79' lang='lat' dir='ltr'>Alexander</span> <span class='ocrx_word' id='word_1_144' title='bbox 1002 1533 1137 1582; x_wconf 87' lang='lat' dir='ltr'>esset,</span> <span class='ocrx_word' id='word_1_145' title='bbox 1174 1528 1559 1583; x_wconf 87' lang='lat' dir='ltr'>monstrantibus,</span> 
     </span>
     <span class='ocr_line' id='line_1_21' title="bbox 95 1593 1561 1660; baseline -0.001 -17"><span class='ocrx_word' id='word_1_146' title='bbox 95 1597 381 1660; x_wconf 85' lang='lat' dir='ltr'>Sysigambis</span> <span class='ocrx_word' id='word_1_147' title='bbox 399 1596 620 1643; x_wconf 81' lang='lat' dir='ltr'>advoluta</span> <span class='ocrx_word' id='word_1_148' title='bbox 634 1604 705 1640; x_wconf 88' lang='lat' dir='ltr'>est</span> <span class='ocrx_word' id='word_1_149' title='bbox 721 1594 916 1656; x_wconf 88' lang='lat' dir='ltr'>pedibus</span> <span class='ocrx_word' id='word_1_150' title='bbox 941 1593 1054 1655; x_wconf 85' lang='lat' dir='ltr'>ejus,</span> <span class='ocrx_word' id='word_1_151' title='bbox 1071 1594 1412 1655; x_wconf 83' lang='lat' dir='ltr'>ignorationem</span> <span class='ocrx_word' id='word_1_152' title='bbox 1439 1611 1561 1642; x_wconf 91' lang='lat' dir='ltr'>nun-</span> 
     </span>
     <span class='ocr_line' id='line_1_22' title="bbox 93 1661 1563 1726; baseline 0 -16"><span class='ocrx_word' id='word_1_153' title='bbox 93 1679 231 1726; x_wconf 84' lang='lat' dir='ltr'>quam</span> <span class='ocrx_word' id='word_1_154' title='bbox 256 1672 395 1711; x_wconf 79' lang='lat' dir='ltr'>antea</span> <span class='ocrx_word' id='word_1_155' title='bbox 430 1664 513 1710; x_wconf 83' lang='lat' dir='ltr'>visi</span> <span class='ocrx_word' id='word_1_156' title='bbox 547 1662 671 1723; x_wconf 79' lang='lat' dir='ltr'>regis</span> <span class='ocrx_word' id='word_1_157' title='bbox 693 1676 938 1708; x_wconf 84' lang='lat' dir='ltr'>excusans.</span> <span class='ocrx_word' id='word_1_158' title='bbox 1006 1661 1158 1718; x_wconf 88' lang='lat' dir='ltr'>Quam</span> <span class='ocrx_word' id='word_1_159' title='bbox 1187 1677 1325 1708; x_wconf 87' lang='lat' dir='ltr'>manu</span> <span class='ocrx_word' id='word_1_160' title='bbox 1360 1662 1563 1710; x_wconf 88' lang='lat' dir='ltr'>allevans</span> 
     </span>
     <span class='ocr_line' id='line_1_23' title="bbox 94 1730 1560 1790; baseline -0.001 -12"><span class='ocrx_word' id='word_1_161' title='bbox 94 1747 192 1788; x_wconf 82' lang='lat' dir='ltr'>rex,</span> <span class='ocrx_word' id='word_1_162' title='bbox 218 1731 354 1778; x_wconf 86' lang='lat' dir='ltr'>‘Non</span> <span class='ocrx_word' id='word_1_163' title='bbox 378 1730 573 1786; x_wconf 87' lang='lat' dir='ltr'>errasti,&#39;</span> <span class='ocrx_word' id='word_1_164' title='bbox 608 1730 773 1790; x_wconf 89' lang='lat' dir='ltr'>inquit,</span> <span class='ocrx_word' id='word_1_165' title='bbox 802 1734 813 1754; x_wconf 93' lang='lat'><strong>‘</strong></span> <span class='ocrx_word' id='word_1_166' title='bbox 840 1740 1002 1785; x_wconf 87' lang='lat' dir='ltr'>mater,</span> <span class='ocrx_word' id='word_1_167' title='bbox 1039 1745 1146 1775; x_wconf 89' lang='lat' dir='ltr'>nam</span> <span class='ocrx_word' id='word_1_168' title='bbox 1173 1738 1221 1777; x_wconf 92' lang='lat' dir='ltr'>et</span> <span class='ocrx_word' id='word_1_169' title='bbox 1255 1730 1330 1776; x_wconf 89' lang='lat' dir='ltr'>hic</span> <span class='ocrx_word' id='word_1_170' title='bbox 1353 1730 1560 1778; x_wconf 82' lang='lat' dir='ltr'>Alexan-</span> 
     </span>
     <span class='ocr_line' id='line_1_24' title="bbox 95 1798 303 1847; baseline -0.005 -1"><span class='ocrx_word' id='word_1_171' title='bbox 95 1800 180 1847; x_wconf 90' lang='lat' dir='ltr'>der</span> <span class='ocrx_word' id='word_1_172' title='bbox 201 1798 303 1847; x_wconf 58' lang='lat' dir='ltr'>est?</span> 
     </span>
    </p>

    <p class='ocr_par' dir='ltr' id='par_1_3' title="bbox 94 1864 1568 3075">
     <span class='ocr_line' id='line_1_25' title="bbox 161 1864 1563 1927; baseline -0.001 -13"><span class='ocrx_word' id='word_1_173' title='bbox 161 1866 368 1914; x_wconf 87' lang='lat' dir='ltr'><strong>XXXII.</strong></span> <span class='ocrx_word' id='word_1_174' title='bbox 440 1865 684 1927; x_wconf 83' lang='lat' dir='ltr'>Equidem,</span> <span class='ocrx_word' id='word_1_175' title='bbox 710 1865 748 1911; x_wconf 84' lang='lat' dir='ltr'>si</span> <span class='ocrx_word' id='word_1_176' title='bbox 773 1864 860 1911; x_wconf 86' lang='lat' dir='ltr'>hac</span> <span class='ocrx_word' id='word_1_177' title='bbox 883 1864 1172 1912; x_wconf 88' lang='lat' dir='ltr'>continentia</span> <span class='ocrx_word' id='word_1_178' title='bbox 1195 1865 1337 1911; x_wconf 89' lang='lat' dir='ltr'>animi</span> <span class='ocrx_word' id='word_1_179' title='bbox 1360 1865 1421 1912; x_wconf 91' lang='lat' dir='ltr'>ad</span> <span class='ocrx_word' id='word_1_180' title='bbox 1454 1865 1563 1913; x_wconf 89' lang='lat' dir='ltr'>ulti-</span> 
     </span>
     <span class='ocr_line' id='line_1_26' title="bbox 94 1932 1564 1997; baseline 0 -17"><span class='ocrx_word' id='word_1_181' title='bbox 94 1949 219 1981; x_wconf 89' lang='lat' dir='ltr'>mum</span> <span class='ocrx_word' id='word_1_182' title='bbox 255 1934 380 1982; x_wconf 79' lang='lat' dir='ltr'>vitae</span> <span class='ocrx_word' id='word_1_183' title='bbox 413 1949 708 1997; x_wconf 83' lang='lat' dir='ltr'>perseverare</span> <span class='ocrx_word' id='word_1_184' title='bbox 741 1932 984 1995; x_wconf 84' lang='lat' dir='ltr'>potuisset,</span> <span class='ocrx_word' id='word_1_185' title='bbox 1018 1932 1269 1979; x_wconf 87' lang='lat' dir='ltr'>feliciorem</span> <span class='ocrx_word' id='word_1_186' title='bbox 1303 1932 1443 1980; x_wconf 80' lang='lat' dir='ltr'>fuisse</span> <span class='ocrx_word' id='word_1_187' title='bbox 1466 1949 1564 1980; x_wconf 89' lang='lat' dir='ltr'>cre-</span> 
     </span>
     <span class='ocr_line' id='line_1_27' title="bbox 94 1999 1562 2063; baseline 0 -15"><span class='ocrx_word' id='word_1_188' title='bbox 94 2002 252 2050; x_wconf 85' lang='lat' dir='ltr'>derem</span> <span class='ocrx_word' id='word_1_189' title='bbox 276 2017 414 2063; x_wconf 87' lang='lat' dir='ltr'>quam</span> <span class='ocrx_word' id='word_1_190' title='bbox 437 2003 561 2049; x_wconf 87' lang='lat' dir='ltr'>visus</span> <span class='ocrx_word' id='word_1_191' title='bbox 583 2011 654 2048; x_wconf 86' lang='lat' dir='ltr'>est</span> <span class='ocrx_word' id='word_1_192' title='bbox 678 2017 790 2056; x_wconf 88' lang='lat' dir='ltr'>esse,</span> <span class='ocrx_word' id='word_1_193' title='bbox 815 2015 957 2062; x_wconf 88' lang='lat' dir='ltr'>quum</span> <span class='ocrx_word' id='word_1_194' title='bbox 995 1999 1153 2047; x_wconf 86' lang='lat' dir='ltr'>Liberi</span> <span class='ocrx_word' id='word_1_195' title='bbox 1188 2000 1333 2062; x_wconf 87' lang='lat' dir='ltr'>patris</span> <span class='ocrx_word' id='word_1_196' title='bbox 1356 2001 1562 2049; x_wconf 88' lang='lat' dir='ltr'>imitare-</span> 
     </span>
     <span class='ocr_line' id='line_1_28' title="bbox 95 2067 1560 2132; baseline -0.002 -16"><span class='ocrx_word' id='word_1_197' title='bbox 95 2078 174 2116; x_wconf 87' lang='lat' dir='ltr'>tur</span> <span class='ocrx_word' id='word_1_198' title='bbox 207 2069 512 2132; x_wconf 86' lang='lat' dir='ltr'>triumphum,</span> <span class='ocrx_word' id='word_1_199' title='bbox 555 2071 615 2116; x_wconf 87' lang='lat' dir='ltr'>ab</span> <span class='ocrx_word' id='word_1_200' title='bbox 670 2068 982 2130; x_wconf 87' lang='lat' dir='ltr'>Hellesponto</span> <span class='ocrx_word' id='word_1_201' title='bbox 1028 2082 1172 2128; x_wconf 88' lang='lat' dir='ltr'>usque</span> <span class='ocrx_word' id='word_1_202' title='bbox 1217 2068 1278 2115; x_wconf 90' lang='lat' dir='ltr'>ad</span> <span class='ocrx_word' id='word_1_203' title='bbox 1320 2067 1560 2116; x_wconf 86' lang='lat' dir='ltr'>Oceanum</span> 
     </span>
     <span class='ocr_line' id='line_1_29' title="bbox 96 2135 1563 2198; baseline 0 -16"><span class='ocrx_word' id='word_1_204' title='bbox 96 2150 259 2184; x_wconf 83' lang='lat' dir='ltr'>omncs</span> <span class='ocrx_word' id='word_1_205' title='bbox 290 2144 456 2198; x_wconf 83' lang='lat' dir='ltr'>gentes</span> <span class='ocrx_word' id='word_1_206' title='bbox 491 2137 688 2185; x_wconf 86' lang='lat' dir='ltr'>victoria</span> <span class='ocrx_word' id='word_1_207' title='bbox 711 2151 940 2183; x_wconf 89' lang='lat' dir='ltr'>emensus.</span> <span class='ocrx_word' id='word_1_208' title='bbox 1012 2135 1211 2183; x_wconf 77' lang='lat' dir='ltr'>vicisset</span> <span class='ocrx_word' id='word_1_209' title='bbox 1244 2136 1454 2198; x_wconf 84' lang='lat' dir='ltr'>profecto</span> <span class='ocrx_word' id='word_1_210' title='bbox 1489 2153 1563 2182; x_wconf 88' lang='lat' dir='ltr'>su-</span> 
     </span>
     <span class='ocr_line' id='line_1_30' title="bbox 95 2204 1562 2267; baseline 0 -17"><span class='ocrx_word' id='word_1_211' title='bbox 95 2204 303 2267; x_wconf 84' lang='lat' dir='ltr'>perbiam</span> <span class='ocrx_word' id='word_1_212' title='bbox 340 2212 476 2264; x_wconf 87' lang='lat' dir='ltr'>atque</span> <span class='ocrx_word' id='word_1_213' title='bbox 510 2205 642 2258; x_wconf 84' lang='lat' dir='ltr'>iram,</span> <span class='ocrx_word' id='word_1_214' title='bbox 687 2205 810 2250; x_wconf 83' lang='lat' dir='ltr'>mala</span> <span class='ocrx_word' id='word_1_215' title='bbox 843 2204 1047 2257; x_wconf 79' lang='lat' dir='ltr'>invicta:</span> <span class='ocrx_word' id='word_1_216' title='bbox 1106 2204 1405 2251; x_wconf 85' lang='lat' dir='ltr'>abstinuisset</span> <span class='ocrx_word' id='word_1_217' title='bbox 1438 2204 1562 2251; x_wconf 89' lang='lat' dir='ltr'>inter</span> 
     </span>
     <span class='ocr_line' id='line_1_31' title="bbox 96 2271 1563 2334; baseline 0 -16"><span class='ocrx_word' id='word_1_218' title='bbox 96 2271 255 2334; x_wconf 83' lang='lat' dir='ltr'>epulas</span> <span class='ocrx_word' id='word_1_219' title='bbox 290 2272 508 2318; x_wconf 87' lang='lat' dir='ltr'>caedibus</span> <span class='ocrx_word' id='word_1_220' title='bbox 542 2272 832 2319; x_wconf 84' lang='lat' dir='ltr'>amicorum:</span> <span class='ocrx_word' id='word_1_221' title='bbox 871 2271 1176 2333; x_wconf 82' lang='lat' dir='ltr'>egregiosque</span> <span class='ocrx_word' id='word_1_222' title='bbox 1197 2272 1317 2318; x_wconf 81' lang='lat' dir='ltr'>bello</span> <span class='ocrx_word' id='word_1_223' title='bbox 1341 2272 1478 2326; x_wconf 80' lang='lat' dir='ltr'>viros,</span> <span class='ocrx_word' id='word_1_224' title='bbox 1516 2284 1563 2318; x_wconf 88' lang='lat' dir='ltr'>et</span> 
     </span>
     <span class='ocr_line' id='line_1_32' title="bbox 95 2339 1568 2402; baseline -0.001 -14"><span class='ocrx_word' id='word_1_225' title='bbox 95 2347 168 2388; x_wconf 86' lang='lat' dir='ltr'>tot</span> <span class='ocrx_word' id='word_1_226' title='bbox 187 2340 400 2402; x_wconf 83' lang='lat' dir='ltr'>gentium</span> <span class='ocrx_word' id='word_1_227' title='bbox 424 2353 579 2386; x_wconf 88' lang='lat' dir='ltr'>secum</span> <span class='ocrx_word' id='word_1_228' title='bbox 602 2339 869 2395; x_wconf 88' lang='lat' dir='ltr'>domitores,</span> <span class='ocrx_word' id='word_1_229' title='bbox 889 2339 1067 2386; x_wconf 89' lang='lat' dir='ltr'>indicta</span> <span class='ocrx_word' id='word_1_230' title='bbox 1084 2354 1235 2393; x_wconf 80' lang='lat' dir='ltr'>causa,</span> <span class='ocrx_word' id='word_1_231' title='bbox 1256 2339 1429 2385; x_wconf 74' lang='lat' dir='ltr'>veritus</span> <span class='ocrx_word' id='word_1_232' title='bbox 1446 2346 1568 2387; x_wconf 88' lang='lat' dir='ltr'>esset</span> 
     </span>
     <span class='ocr_line' id='line_1_33' title="bbox 94 2405 1566 2467; baseline -0.001 -12"><span class='ocrx_word' id='word_1_233' title='bbox 94 2407 320 2456; x_wconf 87' lang='lat' dir='ltr'>occidere.</span> <span class='ocrx_word' id='word_1_234' title='bbox 391 2407 486 2454; x_wconf 88' lang='lat' dir='ltr'>Sed</span> <span class='ocrx_word' id='word_1_235' title='bbox 509 2407 715 2454; x_wconf 90' lang='lat' dir='ltr'>nondum</span> <span class='ocrx_word' id='word_1_236' title='bbox 732 2407 921 2455; x_wconf 81' lang='lat' dir='ltr'>fortuna</span> <span class='ocrx_word' id='word_1_237' title='bbox 942 2423 992 2453; x_wconf 92' lang='lat' dir='ltr'>se</span> <span class='ocrx_word' id='word_1_238' title='bbox 1014 2406 1171 2452; x_wconf 86' lang='lat' dir='ltr'>animo</span> <span class='ocrx_word' id='word_1_239' title='bbox 1193 2407 1290 2467; x_wconf 89' lang='lat' dir='ltr'>ejus</span> <span class='ocrx_word' id='word_1_240' title='bbox 1306 2405 1566 2454; x_wconf 88' lang='lat' dir='ltr'>infuderat:</span> 
     </span>
     <span class='ocr_line' id='line_1_34' title="bbox 96 2473 1563 2537; baseline 0 -16"><span class='ocrx_word' id='word_1_241' title='bbox 96 2475 252 2537; x_wconf 83' lang='lat' dir='ltr'>itaque</span> <span class='ocrx_word' id='word_1_242' title='bbox 274 2475 502 2523; x_wconf 88' lang='lat' dir='ltr'>orientem</span> <span class='ocrx_word' id='word_1_243' title='bbox 537 2489 641 2522; x_wconf 80' lang='lat' dir='ltr'>eam</span> <span class='ocrx_word' id='word_1_244' title='bbox 657 2475 917 2522; x_wconf 83' lang='lat' dir='ltr'>&#39;moderate</span> <span class='ocrx_word' id='word_1_245' title='bbox 950 2482 999 2521; x_wconf 90' lang='lat' dir='ltr'>et</span> <span class='ocrx_word' id='word_1_246' title='bbox 1033 2474 1288 2536; x_wconf 86' lang='lat' dir='ltr'>prudenter</span> <span class='ocrx_word' id='word_1_247' title='bbox 1320 2473 1465 2521; x_wconf 85' lang='lat' dir='ltr'>tulit:</span> <span class='ocrx_word' id='word_1_248' title='bbox 1503 2476 1563 2521; x_wconf 89' lang='lat' dir='ltr'>ad</span> 
     </span>
     <span class='ocr_line' id='line_1_35' title="bbox 100 2541 1562 2604; baseline 0.001 -16"><span class='ocrx_word' id='word_1_249' title='bbox 100 2542 330 2600; x_wconf 89' lang='lat' dir='ltr'>ultimum,</span> <span class='ocrx_word' id='word_1_250' title='bbox 367 2542 737 2604; x_wconf 79' lang='lat' dir='ltr'>magnitudinem</span> <span class='ocrx_word' id='word_1_251' title='bbox 762 2541 860 2603; x_wconf 90' lang='lat' dir='ltr'>ejus</span> <span class='ocrx_word' id='word_1_252' title='bbox 892 2557 988 2588; x_wconf 91' lang='lat' dir='ltr'>non</span> <span class='ocrx_word' id='word_1_253' title='bbox 1012 2542 1152 2603; x_wconf 88' lang='lat' dir='ltr'>cepit.</span> <span class='ocrx_word' id='word_1_254' title='bbox 1223 2541 1344 2587; x_wconf 84' lang='lat' dir='ltr'>Tum</span> <span class='ocrx_word' id='word_1_255' title='bbox 1378 2541 1562 2603; x_wconf 83' lang='lat' dir='ltr'>quidem</span> 
     </span>
     <span class='ocr_line' id='line_1_36' title="bbox 96 2609 1561 2673; baseline -0.001 -16"><span class='ocrx_word' id='word_1_256' title='bbox 96 2611 165 2658; x_wconf 86' lang='lat' dir='ltr'>ita</span> <span class='ocrx_word' id='word_1_257' title='bbox 186 2626 236 2658; x_wconf 84' lang='lat' dir='ltr'>ae</span> <span class='ocrx_word' id='word_1_258' title='bbox 256 2610 417 2673; x_wconf 83' lang='lat' dir='ltr'>gessit,</span> <span class='ocrx_word' id='word_1_259' title='bbox 441 2620 494 2658; x_wconf 92' lang='lat' dir='ltr'>ut</span> <span class='ocrx_word' id='word_1_260' title='bbox 527 2625 686 2657; x_wconf 89' lang='lat' dir='ltr'>omnes</span> <span class='ocrx_word' id='word_1_261' title='bbox 709 2618 820 2656; x_wconf 90' lang='lat' dir='ltr'>ante</span> <span class='ocrx_word' id='word_1_262' title='bbox 841 2625 945 2656; x_wconf 90' lang='lat' dir='ltr'>eum</span> <span class='ocrx_word' id='word_1_263' title='bbox 970 2624 1104 2670; x_wconf 59' lang='lat' dir='ltr'>reges</span> <span class='ocrx_word' id='word_1_264' title='bbox 1127 2617 1176 2657; x_wconf 90' lang='lat' dir='ltr'>et</span> <span class='ocrx_word' id='word_1_265' title='bbox 1197 2609 1483 2657; x_wconf 83' lang='lat' dir='ltr'>continentia</span> <span class='ocrx_word' id='word_1_266' title='bbox 1518 2622 1561 2656; x_wconf 88' lang='lat' dir='ltr'>et</span> 
     </span>
     <span class='ocr_line' id='line_1_37' title="bbox 98 2676 1564 2739; baseline -0.001 -14"><span class='ocrx_word' id='word_1_267' title='bbox 98 2677 344 2727; x_wconf 83' lang='lat' dir='ltr'>clementia</span> <span class='ocrx_word' id='word_1_268' title='bbox 375 2678 688 2726; x_wconf 87' lang='lat' dir='ltr'>vincerentur.</span> <span class='ocrx_word' id='word_1_269' title='bbox 759 2676 978 2739; x_wconf 80' lang='lat' dir='ltr'>Virgines</span> <span class='ocrx_word' id='word_1_270' title='bbox 1011 2676 1135 2722; x_wconf 88' lang='lat' dir='ltr'>enim</span> <span class='ocrx_word' id='word_1_271' title='bbox 1158 2676 1311 2739; x_wconf 81' lang='lat' dir='ltr'>regias</span> <span class='ocrx_word' id='word_1_272' title='bbox 1333 2677 1564 2724; x_wconf 83' lang='lat' dir='ltr'>excellen-</span> 
     </span>
     <span class='ocr_line' id='line_1_38' title="bbox 98 2743 1563 2808; baseline -0.001 -16"><span class='ocrx_word' id='word_1_273' title='bbox 98 2744 162 2792; x_wconf 72' lang='lat' dir='ltr'>t‘u</span> <span class='ocrx_word' id='word_1_274' title='bbox 192 2745 369 2794; x_wconf 79' lang='lat' dir='ltr'>formae</span> <span class='ocrx_word' id='word_1_275' title='bbox 399 2754 497 2794; x_wconf 84' lang='lat' dir='ltr'>tam</span> <span class='ocrx_word' id='word_1_276' title='bbox 521 2753 682 2793; x_wconf 87' lang='lat' dir='ltr'>sancte</span> <span class='ocrx_word' id='word_1_277' title='bbox 715 2744 892 2801; x_wconf 86' lang='lat' dir='ltr'>habuit,</span> <span class='ocrx_word' id='word_1_278' title='bbox 917 2758 1054 2805; x_wconf 83' lang='lat' dir='ltr'>qnam</span> <span class='ocrx_word' id='word_1_279' title='bbox 1078 2743 1116 2790; x_wconf 88' lang='lat' dir='ltr'>si</span> <span class='ocrx_word' id='word_1_280' title='bbox 1149 2744 1314 2792; x_wconf 87' lang='lat' dir='ltr'>eodem</span> <span class='ocrx_word' id='word_1_281' title='bbox 1338 2758 1431 2806; x_wconf 92' lang='lat' dir='ltr'>quo</span> <span class='ocrx_word' id='word_1_282' title='bbox 1463 2745 1563 2808; x_wconf 84' lang='lat' dir='ltr'>ipse</span> 
     </span>
     <span class='ocr_line' id='line_1_39' title="bbox 100 2810 1565 2876; baseline -0.004 -14"><span class='ocrx_word' id='word_1_283' title='bbox 100 2821 292 2873; x_wconf 71' lang='lat' dir='ltr'>parente</span> <span class='ocrx_word' id='word_1_284' title='bbox 313 2814 502 2876; x_wconf 75' lang='lat' dir='ltr'>genitae</span> <span class='ocrx_word' id='word_1_285' title='bbox 519 2814 688 2861; x_wconf 80' lang='lat' dir='ltr'>forent.</span> <span class='ocrx_word' id='word_1_286' title='bbox 758 2811 1020 2874; x_wconf 80' lang='lat' dir='ltr'>Conjugem</span> <span class='ocrx_word' id='word_1_287' title='bbox 1043 2810 1263 2874; x_wconf 81' lang='lat' dir='ltr'>ejusdem,</span> <span class='ocrx_word' id='word_1_288' title='bbox 1274 2827 1412 2873; x_wconf 85' lang='lat' dir='ltr'>quam</span> <span class='ocrx_word' id='word_1_289' title='bbox 1437 2812 1565 2858; x_wconf 83' lang='lat' dir='ltr'>nulla</span> 
     </span>
     <span class='ocr_line' id='line_1_40' title="bbox 102 2879 1563 2944; baseline -0.001 -18"><span class='ocrx_word' id='word_1_290' title='bbox 102 2880 268 2929; x_wconf 65' lang='lat' dir='ltr'>uentis</span> <span class='ocrx_word' id='word_1_291' title='bbox 300 2896 411 2929; x_wconf 79' lang='lat' dir='ltr'>suae</span> <span class='ocrx_word' id='word_1_292' title='bbox 443 2880 794 2944; x_wconf 83' lang='lat' dir='ltr'>pulchritudine</span> <span class='ocrx_word' id='word_1_293' title='bbox 816 2879 1023 2942; x_wconf 88' lang='lat' dir='ltr'>corporis</span> <span class='ocrx_word' id='word_1_294' title='bbox 1055 2879 1182 2937; x_wconf 80' lang='lat' dir='ltr'>vicit,</span> <span class='ocrx_word' id='word_1_295' title='bbox 1206 2880 1324 2927; x_wconf 82' lang='lat' dir='ltr'>adeo</span> <span class='ocrx_word' id='word_1_296' title='bbox 1347 2880 1444 2942; x_wconf 82' lang='lat' dir='ltr'>ipse</span> <span class='ocrx_word' id='word_1_297' title='bbox 1468 2894 1563 2925; x_wconf 88' lang='lat' dir='ltr'>non</span> 
     </span>
     <span class='ocr_line' id='line_1_41' title="bbox 104 2944 1563 3009; baseline 0 -17"><span class='ocrx_word' id='word_1_298' title='bbox 104 2944 307 3006; x_wconf 76' lang='lat' dir='ltr'>violavit,</span> <span class='ocrx_word' id='word_1_299' title='bbox 330 2955 385 2997; x_wconf 90' lang='lat' dir='ltr'>ut</span> <span class='ocrx_word' id='word_1_300' title='bbox 404 2963 631 2997; x_wconf 85' lang='lat' dir='ltr'>summam</span> <span class='ocrx_word' id='word_1_301' title='bbox 665 2947 933 2996; x_wconf 85' lang='lat' dir='ltr'>adhibuerit</span> <span class='ocrx_word' id='word_1_302' title='bbox 965 2961 1124 2995; x_wconf 84' lang='lat' dir='ltr'>curam</span> <span class='ocrx_word' id='word_1_303' title='bbox 1159 2962 1220 2994; x_wconf 87' lang='lat' dir='ltr'>ne</span> <span class='ocrx_word' id='word_1_304' title='bbox 1241 2948 1343 3009; x_wconf 87' lang='lat' dir='ltr'>quis</span> <span class='ocrx_word' id='word_1_305' title='bbox 1377 2946 1563 3008; x_wconf 82' lang='lat' dir='ltr'>captivo</span> 
     </span>
     <span class='ocr_line' id='line_1_42' title="bbox 102 3012 1568 3075; baseline 0.001 -14"><span class='ocrx_word' id='word_1_306' title='bbox 102 3013 284 3075; x_wconf 86' lang='lat' dir='ltr'>corpori</span> <span class='ocrx_word' id='word_1_307' title='bbox 305 3013 534 3064; x_wconf 85' lang='lat' dir='ltr'>illuderet.</span> <span class='ocrx_word' id='word_1_308' title='bbox 608 3015 807 3064; x_wconf 88' lang='lat' dir='ltr'>Omnem</span> <span class='ocrx_word' id='word_1_309' title='bbox 834 3014 1011 3063; x_wconf 90' lang='lat' dir='ltr'>cultum</span> <span class='ocrx_word' id='word_1_310' title='bbox 1044 3014 1181 3063; x_wconf 86' lang='lat' dir='ltr'>reddi</span> <span class='ocrx_word' id='word_1_311' title='bbox 1202 3013 1385 3061; x_wconf 80' lang='lat' dir='ltr'>feminis</span> <span class='ocrx_word' id='word_1_312' title='bbox 1411 3012 1568 3075; x_wconf 70' lang='lat' dir='ltr'>jussit.</span> 
     </span>
    </p>
   </div>
   <div class='ocr_carea' id='block_1_3' title="bbox 818 3098 856 3146">
    <p class='ocr_par' dir='ltr' id='par_1_4' title="bbox 818 3098 856 3146">
     <span class='ocr_line' id='line_1_43' title="bbox 818 3098 856 3146; baseline 0 0"><span class='ocrx_word' id='word_1_313' title='bbox 818 3098 856 3146; x_wconf 90' lang='lat' dir='ltr'>C</span> 
     </span>
    </p>
   </div>
  </div>
 </body>
</html>
