<?xml version="1.0" encoding="UTF-8"?>
<!DOCTYPE html PUBLIC "-//W3C//DTD XHTML 1.0 Transitional//EN"
    "http://www.w3.org/TR/xhtml1/DTD/xhtml1-transitional.dtd">
<html xmlns="http://www.w3.org/1999/xhtml" xml:lang="en" lang="en">
 <head>
  <title>
</title>
<meta http-equiv="Content-Type" content="text/html;charset=utf-8" />
  <meta name='ocr-system' content='tesseract 3.04.00' />
  <meta name='ocr-capabilities' content='ocr_page ocr_carea ocr_par ocr_line ocrx_word'/>
</head>
<body>
  <div class='ocr_page' id='page_1' title='image "./eclogaecurtianae00curtuoft_0054.png"; bbox 0 0 1721 3200; ppageno 0'>
   <div class='ocr_carea' id='block_1_1' title="bbox 97 165 1080 224">
    <p class='ocr_par' dir='ltr' id='par_1_1' title="bbox 97 165 1080 224">
     <span class='ocr_line' id='line_1_1' title="bbox 97 165 1080 224; baseline 0.004 -14"><span class='ocrx_word' id='word_1_1' title='bbox 97 165 161 211; x_wconf 75' lang='lat'>40</span> <span class='ocrx_word' id='word_1_2' title='bbox 497 166 703 214; x_wconf 90' lang='lat' dir='ltr'>LIBER</span> <span class='ocrx_word' id='word_1_3' title='bbox 741 167 1080 224; x_wconf 78' lang='lat' dir='ltr'>QUARTUS.</span> 
     </span>
    </p>
   </div>
   <div class='ocr_carea' id='block_1_2' title="bbox 67 299 1586 3047">
    <p class='ocr_par' dir='ltr' id='par_1_2' title="bbox 91 299 1555 363">
     <span class='ocr_line' id='line_1_2' title="bbox 91 299 1555 363; baseline 0.002 -17"><span class='ocrx_word' id='word_1_4' title='bbox 91 301 235 347; x_wconf 84' lang='lat' dir='ltr'>muris</span> <span class='ocrx_word' id='word_1_5' title='bbox 260 301 414 348; x_wconf 81' lang='lat' dir='ltr'>subito</span> <span class='ocrx_word' id='word_1_6' title='bbox 438 301 761 349; x_wconf 82' lang='lat' dir='ltr'>devolvebant.</span> <span class='ocrx_word' id='word_1_7' title='bbox 809 301 911 348; x_wconf 83' lang='lat' dir='ltr'>Neo</span> <span class='ocrx_word' id='word_1_8' title='bbox 945 302 1040 348; x_wconf 85' lang='lat' dir='ltr'>ulla</span> <span class='ocrx_word' id='word_1_9' title='bbox 1075 300 1217 363; x_wconf 82' lang='lat' dir='ltr'>pestis</span> <span class='ocrx_word' id='word_1_10' title='bbox 1251 300 1399 362; x_wconf 83' lang='lat' dir='ltr'>magis</span> <span class='ocrx_word' id='word_1_11' title='bbox 1423 299 1555 357; x_wconf 69' lang='lat' dir='ltr'>timn-</span> 
     </span>
    </p>

    <p class='ocr_par' dir='ltr' id='par_1_3' title="bbox 93 368 1560 431">
     <span class='ocr_line' id='line_1_3' title="bbox 93 368 1560 431; baseline 0.002 -20"><span class='ocrx_word' id='word_1_12' title='bbox 93 368 228 416; x_wconf 80' lang='lat' dir='ltr'>batur</span> <span class='ocrx_word' id='word_1_13' title='bbox 255 385 264 414; x_wconf 76' lang='grc' dir='ltr'><strong><em>ε</em></strong></span> <span class='ocrx_word' id='word_1_14' title='bbox 316 369 487 430; x_wconf 86' lang='lat' dir='ltr'>quippe</span> <span class='ocrx_word' id='word_1_15' title='bbox 532 369 614 416; x_wconf 90' lang='lat' dir='ltr'>ubi</span> <span class='ocrx_word' id='word_1_16' title='bbox 658 369 846 416; x_wconf 89' lang='lat' dir='ltr'>loricam</span> <span class='ocrx_word' id='word_1_17' title='bbox 892 383 1149 431; x_wconf 80' lang='lat' dir='ltr'>corpusque</span> <span class='ocrx_word' id='word_1_18' title='bbox 1192 368 1374 415; x_wconf 83' lang='lat' dir='ltr'>fervens</span> <span class='ocrx_word' id='word_1_19' title='bbox 1419 383 1560 421; x_wconf 70' lang='lat' dir='ltr'>arena</span> 
     </span>
    </p>

    <p class='ocr_par' dir='ltr' id='par_1_4' title="bbox 89 434 1586 565">
     <span class='ocr_line' id='line_1_4' title="bbox 90 434 1586 497; baseline 0 -17"><span class='ocrx_word' id='word_1_20' title='bbox 90 443 429 494; x_wconf 85' lang='lat' dir='ltr'>penetraverat,</span> <span class='ocrx_word' id='word_1_21' title='bbox 466 452 552 483; x_wconf 88' lang='lat' dir='ltr'>nec</span> <span class='ocrx_word' id='word_1_22' title='bbox 576 437 671 483; x_wconf 89' lang='lat' dir='ltr'>ulla</span> <span class='ocrx_word' id='word_1_23' title='bbox 694 437 739 483; x_wconf 90' lang='lat' dir='ltr'>vi</span> <span class='ocrx_word' id='word_1_24' title='bbox 761 437 918 484; x_wconf 81' lang='lat' dir='ltr'>excuti</span> <span class='ocrx_word' id='word_1_25' title='bbox 941 443 1139 497; x_wconf 89' lang='lat' dir='ltr'>poterat,</span> <span class='ocrx_word' id='word_1_26' title='bbox 1166 442 1213 482; x_wconf 89' lang='lat' dir='ltr'>et</span> <span class='ocrx_word' id='word_1_27' title='bbox 1236 434 1479 497; x_wconf 88' lang='lat' dir='ltr'>quidquid</span> <span class='ocrx_word' id='word_1_28' title='bbox 1486 440 1558 481; x_wconf 88' lang='lat' dir='ltr'>at·</span> <span class='ocrx_word' id='word_1_29' title='bbox 1583 455 1586 458; x_wconf 51' lang='lat'><em>⁴</em></span> 
     </span>
     <span class='ocr_line' id='line_1_5' title="bbox 89 501 1559 577; baseline 0.001 -31"><span class='ocrx_word' id='word_1_30' title='bbox 89 503 260 577; x_wconf 67' lang='lat' dir='ltr'>tigerat</span> <span class='ocrx_word' id='word_1_31' title='bbox 285 504 568 563; x_wconf 89' lang='lat' dir='ltr'>perurebat;</span> <span class='ocrx_word' id='word_1_32' title='bbox 600 504 919 565; x_wconf 84' lang='lat' dir='ltr'>jacientesque</span> <span class='ocrx_word' id='word_1_33' title='bbox 943 519 1082 559; x_wconf 84' lang='lat' dir='ltr'>arma,</span> <span class='ocrx_word' id='word_1_34' title='bbox 1108 503 1321 550; x_wconf 88' lang='lat' dir='ltr'>laceratis</span> <span class='ocrx_word' id='word_1_35' title='bbox 1345 501 1559 548; x_wconf 85' lang='lat' dir='ltr'>omnibus</span> 
     </span>
    </p>

    <p class='ocr_par' dir='ltr' id='par_1_5' title="bbox 89 568 1558 633">
     <span class='ocr_line' id='line_1_6' title="bbox 89 568 1558 633; baseline 0.002 -22"><span class='ocrx_word' id='word_1_36' title='bbox 89 570 219 627; x_wconf 79' lang='lat' dir='ltr'>queis</span> <span class='ocrx_word' id='word_1_37' title='bbox 244 586 298 630; x_wconf 85' lang='lat' dir='ltr'>pl</span> <span class='ocrx_word' id='word_1_38' title='bbox 301 570 426 632; x_wconf 78' lang='lat' dir='ltr'>otegi</span> <span class='ocrx_word' id='word_1_39' title='bbox 440 578 672 633; x_wconf 83' lang='lat' dir='ltr'>poterant,</span> <span class='ocrx_word' id='word_1_40' title='bbox 699 571 968 617; x_wconf 85' lang='lat' dir='ltr'>vulneribus</span> <span class='ocrx_word' id='word_1_41' title='bbox 990 570 1130 617; x_wconf 87' lang='lat' dir='ltr'>inulti</span> <span class='ocrx_word' id='word_1_42' title='bbox 1153 570 1404 632; x_wconf 86' lang='lat' dir='ltr'>patebant:</span> <span class='ocrx_word' id='word_1_43' title='bbox 1430 568 1558 615; x_wconf 85' lang='lat' dir='ltr'>corvi</span> 
     </span>
    </p>

    <p class='ocr_par' dir='ltr' id='par_1_6' title="bbox 90 637 1556 699">
     <span class='ocr_line' id='line_1_7' title="bbox 90 637 1556 699; baseline 0.001 -18"><span class='ocrx_word' id='word_1_44' title='bbox 90 651 196 682; x_wconf 82' lang='lat' dir='ltr'>vero</span> <span class='ocrx_word' id='word_1_45' title='bbox 222 647 269 683; x_wconf 76' lang='lat' dir='ltr'>et</span> <span class='ocrx_word' id='word_1_46' title='bbox 291 637 467 684; x_wconf 84' lang='lat' dir='ltr'>ferreae</span> <span class='ocrx_word' id='word_1_47' title='bbox 500 655 664 685; x_wconf 88' lang='lat' dir='ltr'>manus</span> <span class='ocrx_word' id='word_1_48' title='bbox 698 639 943 686; x_wconf 84' lang='lat' dir='ltr'>tormentis</span> <span class='ocrx_word' id='word_1_49' title='bbox 979 638 1170 684; x_wconf 86' lang='lat' dir='ltr'>emissae</span> <span class='ocrx_word' id='word_1_50' title='bbox 1203 637 1448 699; x_wconf 84' lang='lat' dir='ltr'>plerosque</span> <span class='ocrx_word' id='word_1_51' title='bbox 1480 651 1556 682; x_wconf 83' lang='lat' dir='ltr'>ra-</span> 
     </span>
    </p>

    <p class='ocr_par' dir='ltr' id='par_1_7' title="bbox 86 704 328 764">
     <span class='ocr_line' id='line_1_8' title="bbox 86 704 328 764; baseline 0.004 -17"><span class='ocrx_word' id='word_1_52' title='bbox 86 704 294 764; x_wconf 78' lang='lat' dir='ltr'>piebant.</span> <span class='ocrx_word' id='word_1_53' title='bbox 323 730 328 735; x_wconf 95' lang='lat'>·</span> 
     </span>
    </p>

    <p class='ocr_par' dir='ltr' id='par_1_8' title="bbox 85 771 1556 1036">
     <span class='ocr_line' id='line_1_9' title="bbox 153 771 1552 833; baseline -0.001 -15.997"><span class='ocrx_word' id='word_1_54' title='bbox 153 771 244 817; x_wconf 85' lang='lat' dir='ltr'>XV</span> <span class='ocrx_word' id='word_1_55' title='bbox 252 771 289 816; x_wconf 89' lang='lat' dir='ltr'>I.</span> <span class='ocrx_word' id='word_1_56' title='bbox 327 774 372 819; x_wconf 91' lang='lat'>4.</span> <span class='ocrx_word' id='word_1_57' title='bbox 403 772 495 818; x_wconf 86' lang='lat' dir='ltr'>Hic</span> <span class='ocrx_word' id='word_1_58' title='bbox 519 789 601 818; x_wconf 81' lang='lat' dir='ltr'>rex</span> <span class='ocrx_word' id='word_1_59' title='bbox 617 772 856 833; x_wconf 81' lang='lat' dir='ltr'>fatigatus,</span> <span class='ocrx_word' id='word_1_60' title='bbox 884 771 1113 819; x_wconf 83' lang='lat' dir='ltr'>statuerat</span> <span class='ocrx_word' id='word_1_61' title='bbox 1132 772 1285 819; x_wconf 85' lang='lat' dir='ltr'>soluta</span> <span class='ocrx_word' id='word_1_62' title='bbox 1306 771 1552 817; x_wconf 84' lang='lat' dir='ltr'>obsidione</span> 
     </span>
     <span class='ocr_line' id='line_1_10' title="bbox 85 838 1554 901; baseline 0 -18"><span class='ocrx_word' id='word_1_63' title='bbox 85 838 356 899; x_wconf 77' lang='lat' dir='ltr'>Aegyptum</span> <span class='ocrx_word' id='word_1_64' title='bbox 379 848 574 901; x_wconf 82' lang='lat' dir='ltr'>petere3</span> <span class='ocrx_word' id='word_1_65' title='bbox 611 840 782 901; x_wconf 89' lang='lat' dir='ltr'>quippe</span> <span class='ocrx_word' id='word_1_66' title='bbox 816 855 959 901; x_wconf 91' lang='lat' dir='ltr'>quum</span> <span class='ocrx_word' id='word_1_67' title='bbox 984 839 1144 885; x_wconf 87' lang='lat' dir='ltr'>Asiam</span> <span class='ocrx_word' id='word_1_68' title='bbox 1179 838 1360 900; x_wconf 83' lang='lat' dir='ltr'>ingenti</span> <span class='ocrx_word' id='word_1_69' title='bbox 1392 854 1458 884; x_wconf 88' lang='lat' dir='ltr'>ce</span> <span class='ocrx_word' id='word_1_70' title='bbox 1451 839 1554 884; x_wconf 87' lang='lat' dir='ltr'>eri-</span> 
     </span>
     <span class='ocr_line' id='line_1_11' title="bbox 90 906 1556 967; baseline 0.001 -18"><span class='ocrx_word' id='word_1_71' title='bbox 90 912 185 951; x_wconf 72' lang='lat' dir='ltr'>tate</span> <span class='ocrx_word' id='word_1_72' title='bbox 208 908 525 967; x_wconf 83' lang='lat' dir='ltr'>percuriisset‚</span> <span class='ocrx_word' id='word_1_73' title='bbox 564 908 685 953; x_wconf 70' lang='lat' dir='ltr'>eirca</span> <span class='ocrx_word' id='word_1_74' title='bbox 719 923 875 952; x_wconf 86' lang='lat' dir='ltr'>muros</span> <span class='ocrx_word' id='word_1_75' title='bbox 900 907 1037 952; x_wconf 89' lang='lat' dir='ltr'>unius</span> <span class='ocrx_word' id='word_1_76' title='bbox 1062 907 1189 952; x_wconf 88' lang='lat' dir='ltr'>urbis</span> <span class='ocrx_word' id='word_1_77' title='bbox 1213 906 1464 961; x_wconf 81' lang='lat' dir='ltr'>haerebat,-</span> <span class='ocrx_word' id='word_1_78' title='bbox 1484 910 1556 952; x_wconf 81' lang='lat' dir='ltr'>tot</span> 
     </span>
     <span class='ocr_line' id='line_1_12' title="bbox 86 973 1550 1036; baseline 0.002 -21"><span class='ocrx_word' id='word_1_79' title='bbox 86 974 388 1019; x_wconf 75' lang='lat' dir='ltr'>maximarum</span> <span class='ocrx_word' id='word_1_80' title='bbox 434 990 589 1021; x_wconf 88' lang='lat' dir='ltr'>rerum</span> <span class='ocrx_word' id='word_1_81' title='bbox 636 974 987 1036; x_wconf 85' lang='lat' dir='ltr'>opportunitate</span> <span class='ocrx_word' id='word_1_82' title='bbox 1021 974 1221 1020; x_wconf 85' lang='lat' dir='ltr'>dimissa.</span> <span class='ocrx_word' id='word_1_83' title='bbox 1316 973 1550 1027; x_wconf 88' lang='lat' dir='ltr'>Ceterum,</span> 
     </span>
    </p>

    <p class='ocr_par' dir='ltr' id='par_1_9' title="bbox 75 1039 1555 2311">
     <span class='ocr_line' id='line_1_13' title="bbox 85 1039 1554 1103; baseline -0.001 -16.984"><span class='ocrx_word' id='word_1_84' title='bbox 85 1053 179 1086; x_wconf 72' lang='lat' dir='ltr'>ram</span> <span class='ocrx_word' id='word_1_85' title='bbox 216 1040 453 1087; x_wconf 82' lang='lat' dir='ltr'>discedeie</span> <span class='ocrx_word' id='word_1_86' title='bbox 487 1042 669 1088; x_wconf 78' lang='lat' dir='ltr'>irritum</span> <span class='ocrx_word' id='word_1_87' title='bbox 705 1057 843 1103; x_wconf 87' lang='lat' dir='ltr'>quam</span> <span class='ocrx_word' id='word_1_88' title='bbox 877 1041 1046 1087; x_wconf 82' lang='lat' dir='ltr'>morari</span> <span class='ocrx_word' id='word_1_89' title='bbox 1069 1042 1293 1103; x_wconf 84' lang='lat' dir='ltr'>pudebat.</span> <span class='ocrx_word' id='word_1_90' title='bbox 1363 1039 1554 1086; x_wconf 81' lang='lat' dir='ltr'>Famam</span> 
     </span>
     <span class='ocr_line' id='line_1_14' title="bbox 88 1107 1555 1185; baseline 0 -33"><span class='ocrx_word' id='word_1_91' title='bbox 88 1123 282 1169; x_wconf 74' lang='lat' dir='ltr'>quoque,</span> <span class='ocrx_word' id='word_1_92' title='bbox 311 1125 402 1169; x_wconf 86' lang='lat' dir='ltr'>qua</span> <span class='ocrx_word' id='word_1_93' title='bbox 436 1110 584 1170; x_wconf 89' lang='lat' dir='ltr'>plura,</span> <span class='ocrx_word' id='word_1_94' title='bbox 623 1125 760 1185; x_wconf 83' lang='lat' dir='ltr'>quam</span> <span class='ocrx_word' id='word_1_95' title='bbox 786 1109 937 1163; x_wconf 88' lang='lat' dir='ltr'>armis,</span> <span class='ocrx_word' id='word_1_96' title='bbox 966 1115 1210 1163; x_wconf 85' lang='lat' dir='ltr'>everterat,</span> <span class='ocrx_word' id='word_1_97' title='bbox 1247 1115 1376 1154; x_wconf 80' lang='lat' dir='ltr'>ratus</span> <span class='ocrx_word' id='word_1_98' title='bbox 1411 1107 1555 1153; x_wconf 90' lang='lat' dir='ltr'>levio—</span> 
     </span>
     <span class='ocr_line' id='line_1_15' title="bbox 87 1174 1554 1238; baseline 0.001 -20"><span class='ocrx_word' id='word_1_99' title='bbox 87 1190 179 1218; x_wconf 83' lang='lat' dir='ltr'>rem</span> <span class='ocrx_word' id='word_1_100' title='bbox 203 1176 314 1232; x_wconf 78' lang='lat' dir='ltr'>fore,</span> <span class='ocrx_word' id='word_1_101' title='bbox 333 1176 371 1220; x_wconf 86' lang='lat' dir='ltr'>si</span> <span class='ocrx_word' id='word_1_102' title='bbox 396 1176 588 1238; x_wconf 78' lang='lat' dir='ltr'>Tyrum,</span> <span class='ocrx_word' id='word_1_103' title='bbox 617 1176 745 1236; x_wconf 84' lang='lat' dir='ltr'>quasi</span> <span class='ocrx_word' id='word_1_104' title='bbox 767 1184 931 1222; x_wconf 87' lang='lat' dir='ltr'>testem</span> <span class='ocrx_word' id='word_1_105' title='bbox 957 1191 1004 1220; x_wconf 90' lang='lat' dir='ltr'>se</span> <span class='ocrx_word' id='word_1_106' title='bbox 1030 1192 1162 1236; x_wconf 85' lang='lat' dir='ltr'>posse</span> <span class='ocrx_word' id='word_1_107' title='bbox 1187 1175 1322 1231; x_wconf 89' lang='lat' dir='ltr'>vinci,</span> <span class='ocrx_word' id='word_1_108' title='bbox 1347 1174 1554 1234; x_wconf 86' lang='lat' dir='ltr'>reliquis-</span> 
     </span>
     <span class='ocr_line' id='line_1_16' title="bbox 83 1212 1551 1319; baseline 0.001 -33"><span class='ocrx_word' id='word_1_109' title='bbox 83 1255 170 1288; x_wconf 82' lang='lat' dir='ltr'>set.</span> <span class='ocrx_word' id='word_1_110' title='bbox 242 1212 394 1303; x_wconf 81' lang='lat' dir='ltr'>Igitur</span> <span class='ocrx_word' id='word_1_111' title='bbox 417 1259 477 1289; x_wconf 90' lang='lat' dir='ltr'>ne</span> <span class='ocrx_word' id='word_1_112' title='bbox 502 1244 614 1304; x_wconf 90' lang='lat' dir='ltr'>quid</span> <span class='ocrx_word' id='word_1_113' title='bbox 638 1245 937 1319; x_wconf 81' lang='lat' dir='ltr'>inexpertum</span> <span class='ocrx_word' id='word_1_114' title='bbox 952 1243 1203 1297; x_wconf 85' lang='lat' dir='ltr'>omitteret,</span> <span class='ocrx_word' id='word_1_115' title='bbox 1230 1242 1383 1302; x_wconf 84' lang='lat' dir='ltr'>&#39;plures</span> <span class='ocrx_word' id='word_1_116' title='bbox 1406 1256 1551 1288; x_wconf 78' lang='lat' dir='ltr'>naves</span> 
     </span>
     <span class='ocr_line' id='line_1_17' title="bbox 85 1300 1554 1371; baseline 0.001 -18"><span class='ocrx_word' id='word_1_117' title='bbox 85 1309 319 1354; x_wconf 76' lang='lat' dir='ltr'>admoveri</span> <span class='ocrx_word' id='word_1_118' title='bbox 337 1309 487 1370; x_wconf 85' lang='lat' dir='ltr'>jubet,</span> <span class='ocrx_word' id='word_1_119' title='bbox 516 1311 809 1370; x_wconf 85' lang='lat' dir='ltr'>delectosque</span> <span class='ocrx_word' id='word_1_120' title='bbox 844 1300 1043 1356; x_wconf 85' lang='lat' dir='ltr'>militum</span> <span class='ocrx_word' id='word_1_121' title='bbox 1079 1309 1273 1371; x_wconf 86' lang='lat' dir='ltr'>imponi.</span> <span class='ocrx_word' id='word_1_122' title='bbox 1345 1308 1408 1354; x_wconf 89' lang='lat' dir='ltr'>Et</span> <span class='ocrx_word' id='word_1_123' title='bbox 1431 1309 1554 1356; x_wconf 80' lang='lat' dir='ltr'>forte</span> 
     </span>
     <span class='ocr_line' id='line_1_18' title="bbox 83 1375 1550 1438; baseline 0.001 -19"><span class='ocrx_word' id='word_1_124' title='bbox 83 1379 137 1420; x_wconf 62' lang='lat' dir='ltr'>lu</span> <span class='ocrx_word' id='word_1_125' title='bbox 142 1377 218 1421; x_wconf 83' lang='grc'><strong>11111</strong></span> <span class='ocrx_word' id='word_1_126' title='bbox 221 1395 234 1421; x_wconf 89' lang='grc'>1</span> <span class='ocrx_word' id='word_1_127' title='bbox 258 1377 509 1424; x_wconf 81' lang='lat' dir='ltr'>inusitatae</span> <span class='ocrx_word' id='word_1_128' title='bbox 534 1378 871 1438; x_wconf 84' lang='lat' dir='ltr'>magnitudinis</span> <span class='ocrx_word' id='word_1_129' title='bbox 895 1393 1033 1437; x_wconf 84' lang='lat' dir='ltr'>super</span> <span class='ocrx_word' id='word_1_130' title='bbox 1053 1378 1178 1437; x_wconf 87' lang='lat' dir='ltr'>ipsos</span> <span class='ocrx_word' id='word_1_131' title='bbox 1208 1377 1379 1423; x_wconf 82' lang='lat' dir='ltr'>fluetus</span> <span class='ocrx_word' id='word_1_132' title='bbox 1409 1375 1550 1422; x_wconf 89' lang='lat' dir='ltr'>dorso</span> 
     </span>
     <span class='ocr_line' id='line_1_19' title="bbox 82 1443 1553 1505; baseline 0 -17"><span class='ocrx_word' id='word_1_133' title='bbox 82 1444 301 1499; x_wconf 66' lang='lat' dir='ltr'>eminens,</span> <span class='ocrx_word' id='word_1_134' title='bbox 341 1445 401 1490; x_wconf 84' lang='lat' dir='ltr'>ad</span> <span class='ocrx_word' id='word_1_135' title='bbox 435 1445 616 1500; x_wconf 83' lang='lat' dir='ltr'>molem,</span> <span class='ocrx_word' id='word_1_136' title='bbox 645 1460 780 1505; x_wconf 88' lang='lat' dir='ltr'>quam</span> <span class='ocrx_word' id='word_1_137' title='bbox 815 1445 1094 1490; x_wconf 79' lang='lat' dir='ltr'>Macedones</span> <span class='ocrx_word' id='word_1_138' title='bbox 1123 1443 1348 1504; x_wconf 81' lang='lat' dir='ltr'>jecerant,</span> <span class='ocrx_word' id='word_1_139' title='bbox 1385 1443 1553 1503; x_wconf 84' lang='lat' dir='ltr'>ingens</span> 
     </span>
     <span class='ocr_line' id='line_1_20' title="bbox 81 1510 1550 1573; baseline -0.001 -17"><span class='ocrx_word' id='word_1_140' title='bbox 81 1527 246 1572; x_wconf 72' lang='lat' dir='ltr'>eorpus</span> <span class='ocrx_word' id='word_1_141' title='bbox 272 1512 508 1573; x_wconf 82' lang='lat' dir='ltr'>applicuit,</span> <span class='ocrx_word' id='word_1_142' title='bbox 546 1511 942 1572; x_wconf 81' lang='lat' dir='ltr'>diverberatisque</span> <span class='ocrx_word' id='word_1_143' title='bbox 977 1512 1196 1557; x_wconf 87' lang='lat' dir='ltr'>fluctibus</span> <span class='ocrx_word' id='word_1_144' title='bbox 1240 1510 1444 1556; x_wconf 71' lang='lat' dir='ltr'>allevatis</span> <span class='ocrx_word' id='word_1_145' title='bbox 1477 1525 1550 1555; x_wconf 85' lang='lat' dir='ltr'>se·-</span> 
     </span>
     <span class='ocr_line' id='line_1_21' title="bbox 81 1577 1555 1641; baseline 0 -19"><span class='ocrx_word' id='word_1_146' title='bbox 81 1591 190 1633; x_wconf 82' lang='lat' dir='ltr'>met,</span> <span class='ocrx_word' id='word_1_147' title='bbox 214 1580 444 1640; x_wconf 85' lang='lat' dir='ltr'>utrimque</span> <span class='ocrx_word' id='word_1_148' title='bbox 462 1590 709 1641; x_wconf 80' lang='lat' dir='ltr'>conspecta</span> <span class='ocrx_word' id='word_1_149' title='bbox 725 1588 821 1632; x_wconf 80' lang='lat' dir='ltr'>est3</span> <span class='ocrx_word' id='word_1_150' title='bbox 844 1580 1014 1624; x_wconf 86' lang='lat' dir='ltr'>deinde</span> <span class='ocrx_word' id='word_1_151' title='bbox 1033 1595 1058 1624; x_wconf 86' lang='lat' dir='ltr'>a</span> <span class='ocrx_word' id='word_1_152' title='bbox 1075 1579 1225 1638; x_wconf 83' lang='lat' dir='ltr'>eapite</span> <span class='ocrx_word' id='word_1_153' title='bbox 1243 1577 1374 1623; x_wconf 87' lang='lat' dir='ltr'>molis</span> <span class='ocrx_word' id='word_1_154' title='bbox 1395 1591 1555 1623; x_wconf 79' lang='lat' dir='ltr'>rursus</span> 
     </span>
     <span class='ocr_line' id='line_1_22' title="bbox 82 1645 1555 1707; baseline 0 -18"><span class='ocrx_word' id='word_1_155' title='bbox 82 1645 175 1691; x_wconf 74' lang='lat' dir='ltr'>alto</span> <span class='ocrx_word' id='word_1_156' title='bbox 201 1662 248 1690; x_wconf 81' lang='lat' dir='ltr'>se</span> <span class='ocrx_word' id='word_1_157' title='bbox 272 1647 509 1703; x_wconf 81' lang='lat' dir='ltr'>immersit,</span> <span class='ocrx_word' id='word_1_158' title='bbox 547 1663 599 1692; x_wconf 87' lang='lat' dir='ltr'>ae</span> <span class='ocrx_word' id='word_1_159' title='bbox 635 1646 774 1691; x_wconf 86' lang='lat' dir='ltr'>modo</span> <span class='ocrx_word' id='word_1_160' title='bbox 810 1662 947 1707; x_wconf 83' lang='lat' dir='ltr'>super</span> <span class='ocrx_word' id='word_1_161' title='bbox 982 1646 1130 1691; x_wconf 84' lang='lat' dir='ltr'>undas</span> <span class='ocrx_word' id='word_1_162' title='bbox 1154 1645 1360 1691; x_wconf 88' lang='lat' dir='ltr'>eminens</span> <span class='ocrx_word' id='word_1_163' title='bbox 1383 1659 1555 1705; x_wconf 87' lang='lat' dir='ltr'>magna</span> 
     </span>
     <span class='ocr_line' id='line_1_23' title="bbox 78 1711 1550 1775; baseline -0.001 -17"><span class='ocrx_word' id='word_1_164' title='bbox 78 1714 151 1758; x_wconf 81' lang='lat' dir='ltr'>sui</span> <span class='ocrx_word' id='word_1_165' title='bbox 176 1720 318 1773; x_wconf 81' lang='lat' dir='ltr'>parte,</span> <span class='ocrx_word' id='word_1_166' title='bbox 337 1714 474 1759; x_wconf 86' lang='lat' dir='ltr'>modo</span> <span class='ocrx_word' id='word_1_167' title='bbox 500 1714 750 1775; x_wconf 79' lang='lat' dir='ltr'>superfusis</span> <span class='ocrx_word' id='word_1_168' title='bbox 774 1714 993 1760; x_wconf 78' lang='lat' dir='ltr'>fiuctibus</span> <span class='ocrx_word' id='word_1_169' title='bbox 1018 1713 1221 1769; x_wconf 87' lang='lat' dir='ltr'>condita,</span> <span class='ocrx_word' id='word_1_170' title='bbox 1241 1711 1368 1758; x_wconf 85' lang='lat' dir='ltr'>haud</span> <span class='ocrx_word' id='word_1_171' title='bbox 1389 1711 1550 1772; x_wconf 84' lang='lat' dir='ltr'>procul</span> 
     </span>
     <span class='ocr_line' id='line_1_24' title="bbox 85 1779 1545 1842; baseline 0.003 -20"><span class='ocrx_word' id='word_1_172' title='bbox 85 1781 380 1827; x_wconf 82' lang='lat' dir='ltr'>munimentis</span> <span class='ocrx_word' id='word_1_173' title='bbox 406 1781 531 1827; x_wconf 87' lang='lat' dir='ltr'>urbis</span> <span class='ocrx_word' id='word_1_174' title='bbox 555 1782 756 1828; x_wconf 84' lang='lat' dir='ltr'>emersit.</span> <span class='ocrx_word' id='word_1_175' title='bbox 834 1781 1055 1842; x_wconf 71' lang='lat' dir='ltr'>Utrisque</span> <span class='ocrx_word' id='word_1_176' title='bbox 1078 1780 1229 1827; x_wconf 87' lang='lat' dir='ltr'>laetus</span> <span class='ocrx_word' id='word_1_177' title='bbox 1253 1781 1341 1826; x_wconf 74' lang='lat' dir='ltr'>fuit</span> <span class='ocrx_word' id='word_1_178' title='bbox 1362 1779 1545 1827; x_wconf 86' lang='lat' dir='ltr'>belluae</span> 
     </span>
     <span class='ocr_line' id='line_1_25' title="bbox 78 1846 1548 1908; baseline 0 -16"><span class='ocrx_word' id='word_1_179' title='bbox 78 1846 342 1907; x_wconf 78' lang='lat' dir='ltr'>adspectus.</span> <span class='ocrx_word' id='word_1_180' title='bbox 414 1848 691 1894; x_wconf 81' lang='lat' dir='ltr'>Macedones</span> <span class='ocrx_word' id='word_1_181' title='bbox 732 1850 822 1895; x_wconf 88' lang='lat' dir='ltr'>iter</span> <span class='ocrx_word' id='word_1_182' title='bbox 849 1848 1069 1907; x_wconf 84' lang='lat' dir='ltr'>jaciendo</span> <span class='ocrx_word' id='word_1_183' title='bbox 1104 1848 1230 1908; x_wconf 85' lang='lat' dir='ltr'>operi</span> <span class='ocrx_word' id='word_1_184' title='bbox 1267 1853 1548 1894; x_wconf 86' lang='lat' dir='ltr'>monstrasse</span> 
     </span>
     <span class='ocr_line' id='line_1_26' title="bbox 80 1913 1549 1977; baseline 0.001 -19"><span class='ocrx_word' id='word_1_185' title='bbox 80 1931 178 1959; x_wconf 77' lang='lat' dir='ltr'>eain</span> <span class='ocrx_word' id='word_1_186' title='bbox 216 1916 605 1975; x_wconf 80' lang='lat' dir='ltr'>augurabantur3</span> <span class='ocrx_word' id='word_1_187' title='bbox 657 1915 804 1977; x_wconf 78' lang='lat' dir='ltr'>Tyrii,</span> <span class='ocrx_word' id='word_1_188' title='bbox 830 1915 1108 1975; x_wconf 87' lang='lat' dir='ltr'>Neptunum</span> <span class='ocrx_word' id='word_1_189' title='bbox 1153 1914 1365 1974; x_wconf 85' lang='lat' dir='ltr'>occupati</span> <span class='ocrx_word' id='word_1_190' title='bbox 1398 1913 1549 1959; x_wconf 82' lang='lat' dir='ltr'>&#39;maris</span> 
     </span>
     <span class='ocr_line' id='line_1_27' title="bbox 75 1980 1548 2043; baseline 0.003 -21"><span class='ocrx_word' id='word_1_191' title='bbox 75 1982 306 2026; x_wconf 76' lang='lat' dir='ltr'>vindicem</span> <span class='ocrx_word' id='word_1_192' title='bbox 344 1983 596 2043; x_wconf 84' lang='lat' dir='ltr'>abripuisse</span> <span class='ocrx_word' id='word_1_193' title='bbox 632 1983 846 2037; x_wconf 87' lang='lat' dir='ltr'>belluam,</span> <span class='ocrx_word' id='word_1_194' title='bbox 874 1997 925 2027; x_wconf 85' lang='lat' dir='ltr'>ac</span> <span class='ocrx_word' id='word_1_195' title='bbox 959 1981 1127 2026; x_wconf 88' lang='lat' dir='ltr'>molem</span> <span class='ocrx_word' id='word_1_196' title='bbox 1162 1981 1292 2026; x_wconf 76' lang='lat' dir='ltr'>brevi</span> <span class='ocrx_word' id='word_1_197' title='bbox 1336 1980 1548 2042; x_wconf 82' lang='lat' dir='ltr'>profecto</span> 
     </span>
     <span class='ocr_line' id='line_1_28' title="bbox 75 2048 1548 2110; baseline 0.001 -17"><span class='ocrx_word' id='word_1_198' title='bbox 75 2049 304 2093; x_wconf 73' lang='lat' dir='ltr'>ruituram</span> <span class='ocrx_word' id='word_1_199' title='bbox 327 2067 335 2094; x_wconf 90' lang='grc'>;</span> <span class='ocrx_word' id='word_1_200' title='bbox 366 2050 564 2110; x_wconf 87' lang='lat' dir='ltr'>laetique</span> <span class='ocrx_word' id='word_1_201' title='bbox 589 2050 742 2096; x_wconf 87' lang='lat' dir='ltr'>omine</span> <span class='ocrx_word' id='word_1_202' title='bbox 766 2064 820 2095; x_wconf 91' lang='lat' dir='ltr'>eo</span> <span class='ocrx_word' id='word_1_203' title='bbox 845 2049 904 2094; x_wconf 85' lang='lat' dir='ltr'>ad</span> <span class='ocrx_word' id='word_1_204' title='bbox 928 2048 1086 2109; x_wconf 87' lang='lat' dir='ltr'>epulas</span> <span class='ocrx_word' id='word_1_205' title='bbox 1111 2048 1277 2109; x_wconf 86' lang='lat' dir='ltr'>dilapsi</span> <span class='ocrx_word' id='word_1_206' title='bbox 1296 2063 1548 2094; x_wconf 85' lang='lat' dir='ltr'>oneravere</span> 
     </span>
     <span class='ocr_line' id='line_1_29' title="bbox 76 2115 1541 2177; baseline 0.001 -16"><span class='ocrx_word' id='word_1_207' title='bbox 76 2130 125 2161; x_wconf 75' lang='lat' dir='ltr'>se</span> <span class='ocrx_word' id='word_1_208' title='bbox 174 2117 306 2168; x_wconf 81' lang='grc'><strong>11110;</strong></span> <span class='ocrx_word' id='word_1_209' title='bbox 344 2132 435 2176; x_wconf 85' lang='lat' dir='ltr'>quo</span> <span class='ocrx_word' id='word_1_210' title='bbox 467 2132 645 2177; x_wconf 82' lang='lat' dir='ltr'>graves,</span> <span class='ocrx_word' id='word_1_211' title='bbox 695 2124 798 2162; x_wconf 86' lang='lat' dir='ltr'>orto</span> <span class='ocrx_word' id='word_1_212' title='bbox 845 2115 940 2161; x_wconf 89' lang='lat' dir='ltr'>sole</span> <span class='ocrx_word' id='word_1_213' title='bbox 986 2116 1172 2176; x_wconf 83' lang='lat' dir='ltr'>navigia</span> <span class='ocrx_word' id='word_1_214' title='bbox 1207 2115 1541 2171; x_wconf 83' lang='lat' dir='ltr'>conscendunt,</span> 
     </span>
     <span class='ocr_line' id='line_1_30' title="bbox 75 2182 1546 2262; baseline 0.001 -35"><span class='ocrx_word' id='word_1_215' title='bbox 75 2183 293 2229; x_wconf 76' lang='lat' dir='ltr'>redimita</span> <span class='ocrx_word' id='word_1_216' title='bbox 327 2184 508 2229; x_wconf 88' lang='lat' dir='ltr'>coronis</span> <span class='ocrx_word' id='word_1_217' title='bbox 542 2183 855 2244; x_wconf 85' lang='lat' dir='ltr'>floribusque:</span> <span class='ocrx_word' id='word_1_218' title='bbox 891 2183 1008 2228; x_wconf 88' lang='lat' dir='ltr'>adeo</span> <span class='ocrx_word' id='word_1_219' title='bbox 1043 2182 1264 2229; x_wconf 85' lang='lat' dir='ltr'>victoriae</span> <span class='ocrx_word' id='word_1_220' title='bbox 1288 2197 1383 2228; x_wconf 90' lang='lat' dir='ltr'>non</span> <span class='ocrx_word' id='word_1_221' title='bbox 1407 2197 1546 2262; x_wconf 85' lang='lat' dir='ltr'>omen</span> 
     </span>
     <span class='ocr_line' id='line_1_31' title="bbox 80 2250 1264 2311; baseline 0.003 -18"><span class='ocrx_word' id='word_1_222' title='bbox 80 2250 231 2301; x_wconf 84' lang='lat' dir='ltr'>modo,</span> <span class='ocrx_word' id='word_1_223' title='bbox 259 2250 339 2295; x_wconf 88' lang='lat' dir='ltr'>sed</span> <span class='ocrx_word' id='word_1_224' title='bbox 365 2251 502 2296; x_wconf 89' lang='lat' dir='ltr'>etiam</span> <span class='ocrx_word' id='word_1_225' title='bbox 527 2251 889 2311; x_wconf 84' lang='lat' dir='ltr'>gratulationem</span> <span class='ocrx_word' id='word_1_226' title='bbox 914 2257 1264 2311; x_wconf 88' lang='lat' dir='ltr'>praeceperant.</span> 
     </span>
    </p>

    <p class='ocr_par' dir='ltr' id='par_1_10' title="bbox 67 2316 1543 3047">
     <span class='ocr_line' id='line_1_32' title="bbox 145 2316 1543 2378; baseline 0 -16"><span class='ocrx_word' id='word_1_227' title='bbox 145 2316 234 2362; x_wconf 87' lang='lat' dir='ltr'>XV</span> <span class='ocrx_word' id='word_1_228' title='bbox 241 2316 303 2362; x_wconf 91' lang='lat' dir='ltr'>II.</span> <span class='ocrx_word' id='word_1_229' title='bbox 343 2316 484 2366; x_wconf 81' lang='lat' dir='ltr'>Forte</span> <span class='ocrx_word' id='word_1_230' title='bbox 526 2333 609 2363; x_wconf 86' lang='lat' dir='ltr'>rex</span> <span class='ocrx_word' id='word_1_231' title='bbox 656 2317 845 2363; x_wconf 87' lang='lat' dir='ltr'>classem</span> <span class='ocrx_word' id='word_1_232' title='bbox 879 2317 928 2362; x_wconf 91' lang='lat' dir='ltr'>in</span> <span class='ocrx_word' id='word_1_233' title='bbox 975 2317 1205 2363; x_wconf 82' lang='lat' dir='ltr'>diversam</span> <span class='ocrx_word' id='word_1_234' title='bbox 1250 2321 1430 2378; x_wconf 87' lang='lat' dir='ltr'>partem</span> <span class='ocrx_word' id='word_1_235' title='bbox 1463 2317 1543 2377; x_wconf 83' lang='lat' dir='ltr'>agi</span> 
     </span>
     <span class='ocr_line' id='line_1_33' title="bbox 69 2383 1543 2445; baseline 0.001 -18"><span class='ocrx_word' id='word_1_236' title='bbox 69 2384 288 2442; x_wconf 79' lang='lat' dir='ltr'>Jusserat‚</span> <span class='ocrx_word' id='word_1_237' title='bbox 315 2384 511 2444; x_wconf 83' lang='lat' dir='ltr'>triginta</span> <span class='ocrx_word' id='word_1_238' title='bbox 533 2384 788 2430; x_wconf 86' lang='lat' dir='ltr'>minoribus</span> <span class='ocrx_word' id='word_1_239' title='bbox 821 2384 1019 2445; x_wconf 84' lang='lat' dir='ltr'>navigiis</span> <span class='ocrx_word' id='word_1_240' title='bbox 1037 2384 1211 2430; x_wconf 83' lang='lat' dir='ltr'>relictis</span> <span class='ocrx_word' id='word_1_241' title='bbox 1234 2383 1443 2430; x_wconf 66' lang='lat' dir='ltr'>in&#39;litore</span> <span class='ocrx_word' id='word_1_242' title='bbox 1467 2397 1478 2436; x_wconf 90' lang='lat'>;</span> <span class='ocrx_word' id='word_1_243' title='bbox 1515 2399 1543 2429; x_wconf 89' lang='lat' dir='ltr'>e</span> 
     </span>
     <span class='ocr_line' id='line_1_34' title="bbox 77 2450 1540 2513; baseline 0.003 -21"><span class='ocrx_word' id='word_1_244' title='bbox 77 2451 242 2509; x_wconf 82' lang='lat' dir='ltr'>quibus</span> <span class='ocrx_word' id='word_1_245' title='bbox 280 2451 411 2513; x_wconf 82' lang='lat' dir='ltr'>Tyrii</span> <span class='ocrx_word' id='word_1_246' title='bbox 446 2451 627 2498; x_wconf 89' lang='lat' dir='ltr'>duobus</span> <span class='ocrx_word' id='word_1_247' title='bbox 663 2452 826 2513; x_wconf 87' lang='lat' dir='ltr'>captis,</span> <span class='ocrx_word' id='word_1_248' title='bbox 863 2459 1017 2497; x_wconf 86' lang='lat' dir='ltr'>cetera</span> <span class='ocrx_word' id='word_1_249' title='bbox 1063 2450 1244 2511; x_wconf 86' lang='lat' dir='ltr'>ingenti</span> <span class='ocrx_word' id='word_1_250' title='bbox 1277 2457 1540 2497; x_wconf 85' lang='lat' dir='ltr'>terruerant</span> 
     </span>
     <span class='ocr_line' id='line_1_35' title="bbox 75 2516 1540 2574; baseline 0.001 -13"><span class='ocrx_word' id='word_1_251' title='bbox 75 2521 216 2572; x_wconf 76' lang='lat' dir='ltr'>metu,</span> <span class='ocrx_word' id='word_1_252' title='bbox 243 2519 390 2564; x_wconf 82' lang='lat' dir='ltr'>donec</span> <span class='ocrx_word' id='word_1_253' title='bbox 423 2534 610 2564; x_wconf 86' lang='lat' dir='ltr'>suorum</span> <span class='ocrx_word' id='word_1_254' title='bbox 635 2518 833 2564; x_wconf 87' lang='lat' dir='ltr'>clamore</span> <span class='ocrx_word' id='word_1_255' title='bbox 857 2519 1019 2564; x_wconf 88' lang='lat' dir='ltr'>audito</span> <span class='ocrx_word' id='word_1_256' title='bbox 1042 2516 1324 2574; x_wconf 81' lang='lat' dir='ltr'>Alexander,</span> <span class='ocrx_word' id='word_1_257' title='bbox 1350 2517 1540 2563; x_wconf 86' lang='lat' dir='ltr'>classem</span> 
     </span>
     <span class='ocr_line' id='line_1_36' title="bbox 79 2583 1536 2645; baseline 0.003 -19"><span class='ocrx_word' id='word_1_258' title='bbox 79 2583 215 2631; x_wconf 83' lang='lat' dir='ltr'>litori.</span> <span class='ocrx_word' id='word_1_259' title='bbox 244 2601 269 2629; x_wconf 89' lang='lat' dir='ltr'>e</span> <span class='ocrx_word' id='word_1_260' title='bbox 293 2601 383 2645; x_wconf 88' lang='lat' dir='ltr'>quo</span> <span class='ocrx_word' id='word_1_261' title='bbox 407 2585 618 2632; x_wconf 78' lang='lat' dir='ltr'>fremitus</span> <span class='ocrx_word' id='word_1_262' title='bbox 643 2586 886 2642; x_wconf 84' lang='lat' dir='ltr'>acciderat,</span> <span class='ocrx_word' id='word_1_263' title='bbox 914 2584 1137 2631; x_wconf 86' lang='lat' dir='ltr'>admovit.</span> <span class='ocrx_word' id='word_1_264' title='bbox 1207 2583 1364 2630; x_wconf 85' lang='lat' dir='ltr'>Prima</span> <span class='ocrx_word' id='word_1_265' title='bbox 1386 2597 1412 2628; x_wconf 87' lang='lat' dir='ltr'>e</span> <span class='ocrx_word' id='word_1_266' title='bbox 1433 2583 1536 2630; x_wconf 81' lang='lat' dir='ltr'>Ma-</span> 
     </span>
     <span class='ocr_line' id='line_1_37' title="bbox 73 2650 1537 2714; baseline 0.003 -21"><span class='ocrx_word' id='word_1_267' title='bbox 73 2651 300 2695; x_wconf 76' lang='lat' dir='ltr'>cedonum</span> <span class='ocrx_word' id='word_1_268' title='bbox 337 2653 530 2698; x_wconf 85' lang='lat' dir='ltr'>navibus</span> <span class='ocrx_word' id='word_1_269' title='bbox 569 2653 912 2714; x_wconf 77' lang='lat' dir='ltr'>quinqueremis</span> <span class='ocrx_word' id='word_1_270' title='bbox 935 2651 1181 2698; x_wconf 82' lang='lat' dir='ltr'>velocitate</span> <span class='ocrx_word' id='word_1_271' title='bbox 1214 2650 1337 2696; x_wconf 88' lang='lat' dir='ltr'>inter</span> <span class='ocrx_word' id='word_1_272' title='bbox 1361 2655 1537 2697; x_wconf 74' lang='lat' dir='ltr'>ceteras</span> 
     </span>
     <span class='ocr_line' id='line_1_38' title="bbox 72 2716 1538 2781; baseline 0.002 -20"><span class='ocrx_word' id='word_1_273' title='bbox 72 2717 278 2762; x_wconf 83' lang='lat' dir='ltr'>eminens</span> <span class='ocrx_word' id='word_1_274' title='bbox 314 2719 543 2766; x_wconf 85' lang='lat' dir='ltr'>occurrit:</span> <span class='ocrx_word' id='word_1_275' title='bbox 580 2736 718 2781; x_wconf 87' lang='lat' dir='ltr'>quam</span> <span class='ocrx_word' id='word_1_276' title='bbox 752 2726 806 2766; x_wconf 90' lang='lat' dir='ltr'>ut</span> <span class='ocrx_word' id='word_1_277' title='bbox 841 2732 1121 2780; x_wconf 84' lang='lat' dir='ltr'>conspexere</span> <span class='ocrx_word' id='word_1_278' title='bbox 1169 2716 1316 2779; x_wconf 83' lang='lat' dir='ltr'>Tyrii,</span> <span class='ocrx_word' id='word_1_279' title='bbox 1355 2716 1477 2763; x_wconf 87' lang='lat' dir='ltr'>duae</span> <span class='ocrx_word' id='word_1_280' title='bbox 1509 2733 1538 2764; x_wconf 85' lang='lat' dir='ltr'>e</span> 
     </span>
     <span class='ocr_line' id='line_1_39' title="bbox 72 2782 1533 2846; baseline 0.002 -19"><span class='ocrx_word' id='word_1_281' title='bbox 72 2783 118 2828; x_wconf 52' lang='lat' dir='ltr'>nil</span> <span class='ocrx_word' id='word_1_282' title='bbox 108 2798 203 2829; x_wconf 70' lang='grc'><strong>1111</strong></span> <span class='ocrx_word' id='word_1_283' title='bbox 205 2799 256 2830; x_wconf 81' lang='lat' dir='ltr'>so</span> <span class='ocrx_word' id='word_1_284' title='bbox 279 2783 328 2828; x_wconf 90' lang='lat' dir='ltr'>in</span> <span class='ocrx_word' id='word_1_285' title='bbox 352 2784 497 2830; x_wconf 85' lang='lat' dir='ltr'>latera</span> <span class='ocrx_word' id='word_1_286' title='bbox 520 2786 620 2846; x_wconf 83' lang='lat' dir='ltr'>eJ&#39;us</span> <span class='ocrx_word' id='word_1_287' title='bbox 641 2787 854 2833; x_wconf 87' lang='lat' dir='ltr'>invectae</span> <span class='ocrx_word' id='word_1_288' title='bbox 876 2792 1020 2838; x_wconf 83' lang='lat' dir='ltr'>sunt3</span> <span class='ocrx_word' id='word_1_289' title='bbox 1046 2784 1096 2828; x_wconf 85' lang='lat' dir='ltr'>in</span> <span class='ocrx_word' id='word_1_290' title='bbox 1119 2797 1315 2844; x_wconf 85' lang='lat' dir='ltr'>quarum</span> <span class='ocrx_word' id='word_1_291' title='bbox 1339 2782 1533 2835; x_wconf 80' lang='lat' dir='ltr'>alteram</span> 
     </span>
     <span class='ocr_line' id='line_1_40' title="bbox 72 2849 1542 2927; baseline 0.003 -32"><span class='ocrx_word' id='word_1_292' title='bbox 72 2851 411 2927; x_wconf 83' lang='lat' dir='ltr'>quinqueremis</span> <span class='ocrx_word' id='word_1_293' title='bbox 435 2853 595 2898; x_wconf 85' lang='lat' dir='ltr'>eadem</span> <span class='ocrx_word' id='word_1_294' title='bbox 620 2854 866 2910; x_wconf 80' lang='lat' dir='ltr'>concitata,</span> <span class='ocrx_word' id='word_1_295' title='bbox 892 2859 941 2899; x_wconf 90' lang='lat' dir='ltr'>et</span> <span class='ocrx_word' id='word_1_296' title='bbox 961 2853 1064 2912; x_wconf 88' lang='lat' dir='ltr'>ipsa.</span> <span class='ocrx_word' id='word_1_297' title='bbox 1084 2857 1236 2896; x_wconf 87' lang='lat' dir='ltr'>rostro</span> <span class='ocrx_word' id='word_1_298' title='bbox 1259 2849 1353 2897; x_wconf 88' lang='lat' dir='ltr'>icta</span> <span class='ocrx_word' id='word_1_299' title='bbox 1375 2856 1460 2907; x_wconf 84' lang='lat' dir='ltr'>est,</span> <span class='ocrx_word' id='word_1_300' title='bbox 1479 2856 1542 2905; x_wconf 75' lang='lat' dir='ltr'>et</span> 
     </span>
     <span class='ocr_line' id='line_1_41' title="bbox 69 2916 1532 2981; baseline 0.002 -19"><span class='ocrx_word' id='word_1_301' title='bbox 69 2918 230 2963; x_wconf 84' lang='lat' dir='ltr'>illam</span> <span class='ocrx_word' id='word_1_302' title='bbox 218 2917 412 2963; x_wconf 80' lang='lat' dir='ltr'>invicem</span> <span class='ocrx_word' id='word_1_303' title='bbox 438 2919 606 2966; x_wconf 82' lang='lat' dir='ltr'>tenuit.</span> <span class='ocrx_word' id='word_1_304' title='bbox 675 2920 875 2981; x_wconf 87' lang='lat' dir='ltr'>Jamque</span> <span class='ocrx_word' id='word_1_305' title='bbox 891 2934 960 2974; x_wconf 88' lang='lat' dir='ltr'>ea,</span> <span class='ocrx_word' id='word_1_306' title='bbox 986 2931 1103 2979; x_wconf 86' lang='lat' dir='ltr'>quae</span> <span class='ocrx_word' id='word_1_307' title='bbox 1121 2931 1214 2962; x_wconf 91' lang='lat' dir='ltr'>non</span> <span class='ocrx_word' id='word_1_308' title='bbox 1240 2916 1532 2973; x_wconf 75' lang='lat' dir='ltr'>cohaerebat,</span> 
     </span>
     <span class='ocr_line' id='line_1_42' title="bbox 67 2983 1546 3047; baseline 0.001 -19"><span class='ocrx_word' id='word_1_309' title='bbox 67 2985 214 3032; x_wconf 78' lang='lat' dir='ltr'>libero</span> <span class='ocrx_word' id='word_1_310' title='bbox 249 2985 425 3046; x_wconf 87' lang='lat' dir='ltr'>impetu</span> <span class='ocrx_word' id='word_1_311' title='bbox 450 2992 623 3043; x_wconf 85' lang='lat' dir='ltr'>evecta,</span> <span class='ocrx_word' id='word_1_312' title='bbox 649 2985 698 3031; x_wconf 89' lang='lat' dir='ltr'>in</span> <span class='ocrx_word' id='word_1_313' title='bbox 723 2986 849 3032; x_wconf 87' lang='lat' dir='ltr'>aliud</span> <span class='ocrx_word' id='word_1_314' title='bbox 873 2984 1215 3047; x_wconf 87' lang='lat' dir='ltr'>quinqueremis</span> <span class='ocrx_word' id='word_1_315' title='bbox 1253 2983 1409 3032; x_wconf 82' lang='lat' dir='ltr'>latus</span> <span class='ocrx_word' id='word_1_316' title='bbox 1395 2998 1546 3037; x_wconf 52' lang='lat' dir='ltr'>umef-¹</span> 
     </span>
    </p>
   </div>
  </div>
 </body>
</html>
