1721 3200
237 236 300 284 72
606 229 844 289 QUINTI
879 225 1115 275 CURTII
1151 222 1312 272 RUFI

239 388 376 433 quam
401 369 561 429 auriga
585 365 732 421 Darii,
752 364 831 426 qui
853 368 960 410 ante
973 363 1122 424 ipsum
1140 359 1304 407 sedens
1319 371 1459 418 equos
1473 355 1677 418 regebat,

240 439 370 486 hasta
393 435 640 484 transfixus
660 438 760 487 est3
796 446 881 477 nec
904 436 985 477 aut
1010 428 1176 475 Persae
1198 433 1280 474 aut
1302 423 1581 472 Macedones
1595 422 1680 470 du·

243 507 456 559 bitavere‚
503 501 615 562 quin
647 500 744 561 ipse
777 513 859 544 rex
893 504 1011 544 esset
1044 494 1232 542 occisus.
1321 489 1534 552 Lugubri
1566 504 1679 551 ergo

239 572 419 618 ululatu
442 575 490 617 et
512 566 750 614 incondito
765 565 961 612 clamore
981 562 1248 624 gemituque
1264 564 1411 607 totam
1430 556 1527 605 fere
1539 556 1681 604 aciem

239 639 390 685 adhuc
413 651 559 697 aequo
583 634 735 681 Marte
758 631 1066 694 pugnantium
1079 629 1324 676 turbavere
1338 623 1527 686 cognati
1548 622 1682 670 Darii

239 713 287 753 et
320 704 534 766 armigeri
558 718 570 757 ;
605 701 825 759 laevoque
856 713 1000 745 cornu
1032 697 1081 742 in
1101 695 1260 755 fugam
1281 693 1438 750 effuso,
1462 690 1683 738 destitue-

241 779 346 820 rant
381 786 566 819 currum
591 785 603 824 ;
638 768 773 828 quem
807 781 834 812 a
857 766 1022 812 dextra
1054 768 1185 825 parte
1219 760 1377 822 stipati
1410 759 1460 804 in
1480 757 1682 804 medium

241 854 408 901 agmen
441 843 727 898 receperunt.
797 832 983 879 Dicitur
1001 831 1182 877 acinace
1215 828 1377 875 stricto
1400 825 1574 872 Darius
1596 824 1683 869 du-

242 908 425 963 bitasse,
451 921 510 952 an
532 904 670 964 fugae
704 901 903 947 dedecus
937 898 1132 944 honesta
1163 901 1311 941 morte
1342 893 1525 940 vitaret.
1593 890 1686 937 Sed

242 975 446 1020 eminens
480 986 619 1018 curru
652 968 859 1014 nondum
894 980 1074 1012 omnem
1108 977 1297 1010 suorum
1341 959 1484 1007 aciem
1515 957 1688 1022 praelio

240 1041 540 1087 excedentem
576 1036 828 1083 destituere
861 1031 1177 1079 erubescebat.
1245 1027 1375 1074 Dum
1406 1027 1532 1074 inter
1563 1040 1689 1087 spem

240 1116 287 1154 et
322 1105 688 1169 desperationem
725 1102 935 1155 haesitat,
971 1098 1139 1145 sensim
1175 1096 1343 1142 Persae
1373 1093 1616 1148 cedebant,
1641 1101 1687 1137 et

239 1175 509 1220 laxaverant
542 1171 744 1218 ordines.
837 1165 1104 1214 Alexander
1138 1168 1318 1209 mutato
1351 1175 1483 1222 equo,
1518 1158 1688 1220 quippe

238 1242 391 1303 plures
434 1239 724 1299 fatigaverat,
772 1231 1081 1281 resistentium
1127 1230 1318 1276 adversa
1351 1243 1431 1274 ora
1463 1225 1681 1282 fodiebat,

240 1307 517 1368 fugientium
539 1314 685 1365 terga.
725 1301 918 1360 Jamque
940 1314 1035 1345 non
1059 1312 1189 1359 pugn
1201 1312 1242 1353 a,
1268 1295 1349 1342 sed
1371 1293 1534 1340 caedes
1555 1299 1655 1338 erat
1674 1307 1684 1345 ;

242 1390 384 1435 quum
436 1372 608 1419 Darius
643 1384 825 1430 quoque
871 1381 1053 1413 currum
1087 1378 1216 1410 suum
1251 1363 1299 1407 in
1332 1361 1491 1422 fugam
1523 1357 1684 1405 vertit.

244 1441 482 1488 Haerebat
514 1439 563 1484 in
595 1437 739 1497 tergis
761 1433 1039 1495 fugientium
1073 1431 1247 1476 victor:
1285 1428 1366 1475 sed
1388 1432 1683 1489 prospectum

243 1508 480 1554 oculorum
504 1505 649 1550 nubes
672 1503 885 1564 pulveris,
906 1515 1022 1560 quae
1056 1497 1115 1544 ad
1127 1496 1318 1543 »coelum
1339 1494 1587 1550 ferebatur,
1605 1492 1685 1538 ab·

243 1576 436 1623 stulerat
456 1591 466 1620 z
494 1587 598 1631 ergo
621 1570 746 1616 haud
767 1585 898 1615 secus
922 1581 1059 1628 quam
1082 1564 1132 1610 in
1154 1561 1356 1610 tenebris
1379 1560 1610 1614 errabant,
1627 1558 1685 1604 ad

244 1642 447 1689 sonitum
469 1645 608 1686 notae
629 1636 767 1693 vocis,
794 1644 847 1682 ut
861 1635 1059 1695 signum,
1085 1629 1280 1677 subinde
1303 1633 1540 1675 coeuntes.
1588 1624 1683 1671 Ex·

246 1708 555 1754 audiebantur
587 1711 771 1752 tantum
803 1701 1021 1762 strepitus
1055 1698 1351 1752 habenarum,
1386 1693 1553 1756 quibus
1585 1690 1690 1752 equi

247 1791 432 1821 currimi
465 1773 701 1821 trahentes
734 1769 989 1815 identidem
1024 1764 1421 1816 verberabantur;
1457 1757 1570 1806 haec
1590 1758 1687 1805 sola

247 1842 466 1904 fugientis
488 1839 682 1899 vestigia
705 1843 896 1897 excepta
918 1841 1045 1880 sunt.

315 1908 422 1955 LX.
459 1905 534 1954 16.
575 1907 642 1951 At
665 1905 714 1949 in
747 1904 877 1949 laevo
914 1898 1222 1947 Macedonum
1249 1909 1409 1950 cornu,
1431 1892 1558 1952 quod
1579 1890 1694 1937 Par-

250 1976 416 2032 menio,
435 1975 552 2020 sicut
568 1979 675 2018 ante
689 1971 866 2016 dictum
889 1974 972 2024 est,
988 1965 1218 2019 tuebatur,
1243 1962 1384 2022 longe
1405 1959 1701 2006 alia¹fortuna

252 2042 495 2102 utriusque
528 2039 671 2101 partis
717 2053 790 2083 res
835 2036 1099 2096 gerebatur.
1168 2029 1398 2084 Mazaeus,
1435 2041 1541 2072 cum
1575 2023 1698 2072 onuii

252 2124 440 2155 suorum
464 2107 676 2168 equitatu
699 2103 993 2149 vehementer
1016 2100 1241 2151 invectus,
1259 2095 1459 2156 urgebat
1481 2090 1699 2138 Macedo-

251 2191 363 2222 num
385 2174 479 2220 alas
499 2190 508 2219 :
539 2173 724 2233 jamque
747 2168 986 2216 abundans
1010 2164 1305 2212 multitudine
1338 2160 1483 2208 aciem
1505 2162 1701 2205 circum·-

252 2242 359 2289 vehi
392 2246 620 2302 coeperat,
655 2252 794 2298 quum
831 2234 1070 2281 Parmenio
1105 2231 1280 2291 equites
1318 2226 1539 2274 nunciare
1563 2220 1721 2288 jubet

255 2308 539 2363 Alexandro,
574 2307 623 2351 in
646 2320 737 2365 quo
771 2301 1033 2348 discrimine
1065 2298 1152 2360 ipsi
1185 2302 1377 2350 essent;
1411 2291 1501 2338 nisi
1522 2291 1700 2339 ma‘ture

257 2375 590 2430 subveniretur,
616 2387 709 2417 non
733 2385 864 2431 posse
882 2368 981 2414 sisti
1002 2368 1177 2427 fugam.
1243 2361 1347 2410 Jam
1379 2359 1579 2406 multum
1601 2356 1698 2403 viae

258 2448 552 2502 praeceperat
585 2454 680 2494 rex,
717 2437 956 2482 imminens
990 2431 1264 2493 fugientium
1298 2426 1456 2488 tergis,
1492 2439 1631 2485 quum
1675 2440 1696 2468 a

262 2508 566 2554 Parmenione
587 2505 733 2552 tristis
756 2502 950 2548 nuncius
973 2500 1127 2556 venit3
1162 2495 1392 2543 refrenare
1414 2506 1554 2554 equos
1568 2490 1693 2551 jussi,

258 2575 336 2635 qui
369 2575 667 2627 vehebantur,
694 2584 949 2631 agmenque
965 2565 1200 2619 constitit3
1235 2561 1479 2608 frendente
1499 2556 1691 2603 Alexan-

260 2642 360 2696 dro,
386 2642 500 2702 eripi
522 2640 608 2686 sibi
641 2636 878 2684 victoriam
911 2651 937 2681 e
973 2633 1196 2687 manibus,
1220 2635 1269 2676 et
1302 2626 1496 2674 Darium
1526 2622 1689 2669 feliciu:
1720 2682 1721 2688 ἵ

259 2708 433 2768 fugere,
459 2721 592 2766 quam
630 2722 678 2751 se
711 2703 848 2763 sequi.
934 2699 1127 2747 Interim
1149 2697 1210 2744 ad
1232 2695 1466 2742 Mazaeum
1503 2695 1685 2752 superat

262 2772 385 2835 regis
428 2773 550 2819 fama
592 2775 882 2833 pervenerat.
971 2767 1146 2826 Itaque,
1194 2773 1464 2824 quamquam
1508 2756 1685 2803 validio:
1716 2785 1721 2806 ‹

263 2848 377 2898 erat,
400 2839 586 2886 fortuna
597 2846 752 2884 tamen
769 2835 964 2897 partium
980 2832 1182 2887 territus,
1206 2824 1420 2890 perculsis
1441 2822 1678 2884 languidiu

264 2908 483 2955 instabat.
519 2904 762 2950 Parmenio
775 2901 1021 2962 ignorabat
1038 2897 1224 2959 quidem
1246 2907 1426 2939 causam
1449 2905 1530 2937 sua
1542 2894 1677 2951 spont

267 2989 449 3035 pugnae
492 2971 704 3017 remissae
728 2987 740 3024 ;
777 2969 858 3015 sed
891 2966 1127 3014 occasione
1170 2958 1385 3006 vincendi
1418 2964 1604 3005 strenue
1632 2967 1678 3000 es

272 3056 391 3088 usus.
461 3036 704 3086 Thessalos
725 3032 900 3095 equites
923 3033 984 3079 ad
1007 3047 1056 3077 se
1077 3027 1230 3075 vocari
1246 3025 1396 3086 jubet.
1465 3027 1477 3049 ‘
1497 3018 1673 3082 Ecquid
