1721 3200
205 176 267 221 ,52
549 171 788 230 QUINTI
826 172 1060 220 CURTII
1097 170 1261 219 RUFI

201 310 370 373 captivi
406 310 689 356 Graecorum
724 309 815 356 suis
837 307 1191 355 restituerentur
1213 305 1443 363 orabant;
1479 306 1653 356 Rhodii

200 387 245 425 et
272 378 375 424 Chii
411 378 469 424 de
491 377 719 439 praesidio
742 376 1051 437 querebantur
1077 390 1088 432 3
1124 388 1284 419 omnes
1307 388 1452 436 aequa
1473 373 1652 422 deside-

198 461 300 491 rare
341 444 426 490 visi
457 445 836 506 impetraverunt.
905 439 1199 503 Mitylenaeis
1222 454 1402 501 quoque
1435 441 1499 488 ob
1518 456 1649 503 egre-

200 514 313 572 giam
337 512 387 557 in
411 519 564 573 partes
589 527 692 558 suas
715 511 868 566 fidem,
894 515 941 557 et
964 507 1221 570 pecuniam,
1239 523 1376 569 quam
1397 508 1448 554 in
1480 508 1654 556 bellum

199 579 533 640 impenderant,
549 576 776 641 [obsides]
789 576 1007 633 reddidit,
1020 582 1067 623 et
1080 590 1295 637 magnam
1311 575 1549 637 regionem
1563 575 1654 622 fin-

197 648 299 692 ibus
334 661 492 693 eorum
527 645 710 707 adjecit.
782 644 1059 707 Cypriorum
1093 657 1271 703 quoque
1296 643 1500 704 regibus,
1524 643 1605 705 qui
1626 658 1654 690 a

198 712 345 760 Dario
360 713 623 760 defecerant
638 713 698 759 ad
711 712 873 775 ipsum,
887 717 933 759 et
942 710 1233 772 oppugnanti
1243 709 1421 773 Tyrum
1433 710 1655 758 miserant

200 780 405 837 classem,
447 796 532 842 pro
578 780 743 827 merito
788 779 934 825 honos
967 777 1154 825 habitus
1188 783 1271 825 est.
1338 777 1656 840 Amphoterus
1711 797 1721 810 =

199 848 381 903 deinde,
408 847 562 894 classis
594 847 864 909 praefectus,
890 846 951 892 ad
967 844 1252 892 liberandam
1276 841 1465 892 Cretam
1490 844 1656 892 missus

204 913 424 977 (namque
456 922 503 962 et
540 914 787 961 Persarum
820 920 865 961 et
893 912 1229 975 Spartanorum
1261 912 1400 959 armis
1434 911 1652 974 pleraque

201 982 298 1042 ejus
321 981 497 1028 insulae
531 978 898 1044 obsidebantur,>
937 986 1045 1027 ante
1069 979 1224 1026 omnia
1247 994 1372 1026 mare
1392 993 1420 1025 a
1452 978 1658 1040 piraticis

200 1049 419 1096 classibus
452 1049 687 1096 vindicare
703 1048 886 1110 jussus;
923 1047 1094 1109 quippe
1126 1046 1379 1093 obnoxium
1411 1045 1658 1108 praedoni·

199 1118 285 1163 bus
309 1124 421 1173 erat,
446 1116 496 1162 in
518 1117 689 1162 bellum
713 1122 909 1174 utroque
931 1130 1041 1175 rege
1064 1129 1302 1161 converso.
1350 1112 1442 1160 His
1464 1127 1653 1175 compo-

200 1184 310 1239 sitis,
339 1183 532 1229 Herculi
569 1183 713 1245 Tyrio
737 1197 794 1228 ex
817 1196 931 1228 auro
966 1188 1190 1228 crateram
1213 1195 1318 1227 cum
1341 1179 1536 1241 triginta
1570 1195 1651 1242 pa-

199 1251 308 1297 teris
343 1250 544 1305 dicavit3
580 1249 913 1309 imminensque
957 1248 1117 1306 Dario,
1153 1247 1242 1295 iter
1275 1246 1336 1293 ad
1381 1246 1653 1309 Euphraten

199 1318 497 1378 pronunciari
512 1317 673 1378 jussit·

263 1384 491 1430 XXXIV.
528 1384 575 1432 9.
609 1385 675 1431 At
700 1384 886 1440 Darius,
912 1396 1051 1442 quum
1077 1382 1135 1428 ab
1161 1381 1381 1444 Aegypto
1404 1381 1649 1429 divertisse

195 1453 243 1497 in
279 1452 482 1498 Africam
518 1451 697 1498 hostem
743 1450 1054 1512 comperisset,
1101 1448 1404 1506 dubitaverat,
1439 1454 1662 1496 utrumne

201 1520 319 1565 circa
356 1519 738 1580 Mesopotamiam
773 1518 1054 1572 subsisteret,
1092 1532 1151 1562 an
1174 1515 1394 1563 interiora
1415 1515 1550 1576 regni
1582 1515 1656 1562 sui

199 1595 404 1648 peteret:
441 1585 568 1631 haud
601 1586 740 1631 dubie
764 1584 998 1646 potentior
1031 1589 1193 1630 auctor
1225 1598 1442 1644 praesens
1474 1582 1658 1630 futurus

203 1653 372 1700 ultimis
395 1653 613 1714 gentibus
636 1653 834 1714 impigre
856 1651 1028 1697 bellum
1053 1650 1334 1711 capessendi,
1370 1664 1484 1711 quas
1518 1664 1659 1710 aegre

198 1735 277 1782 per
294 1720 549 1781 praefectos
573 1735 679 1766 suos
703 1719 994 1766 moliebatur.
1063 1716 1158 1764 Sed
1180 1722 1233 1764 ut
1254 1716 1433 1763 idoneis
1457 1715 1661 1764 auctori·

194 1789 281 1833 bus
314 1787 435 1833 fama
468 1786 690 1848 vulgavit,
737 1785 1056 1832 Alexandrum
1102 1799 1207 1830 cum
1252 1783 1462 1830 omnibus
1496 1782 1655 1845 copiis,

198 1869 532 1915 quamcumque
565 1855 663 1915 ipse
696 1853 883 1900 adiisset
914 1851 1167 1912 regionem,
1202 1850 1493 1912 petiturum:
1529 1850 1656 1897 haud

196 1922 383 1982 ignarus
405 1936 543 1981 quam
578 1936 682 1967 cum
704 1926 894 1968 strenuo
927 1934 999 1964 res
1032 1922 1167 1973 esset,
1192 1916 1346 1963 omnia
1378 1916 1653 1979 longinqua·

198 2005 300 2033 rum
323 1988 533 2048 gentium
557 1987 727 2034 auxilia
752 1985 1057 2048 Babyloniam
1082 1983 1293 2030 contrahi
1308 1982 1462 2044 jussit.
1533 1983 1652 2030 Bac-

198 2056 337 2100 triani
363 2055 654 2116 Scythaeque
678 2061 724 2101 et
749 2053 856 2099 Indi
877 2057 1191 2099 convenerant
1215 2067 1226 2097 :
1264 2065 1373 2097 nam
1408 2057 1455 2098 et
1478 2057 1653 2098 cetera-

198 2138 300 2168 rum
334 2123 543 2183 gentium
577 2121 734 2183 copiae
769 2120 976 2182 partibus
1011 2118 1148 2165 simul
1180 2117 1446 2165 adfuerunt.
1515 2116 1651 2165 Cete-

197 2204 298 2234 rum
345 2203 483 2248 quum
526 2187 717 2235 dimidio
750 2187 893 2233 ferme
928 2185 1072 2246 major
1105 2192 1225 2233 esset
1257 2185 1485 2232 exercitus
1517 2199 1657 2245 quam

198 2258 247 2302 in
274 2255 434 2302 Cilicia
455 2255 619 2312 fuerat,
646 2254 804 2301 multis
828 2269 954 2300 arma
977 2253 1182 2310 deerant,
1208 2267 1326 2314 quae
1347 2266 1524 2298 summa
1545 2266 1656 2297 cura

198 2323 598 2385 comparabantur.
666 2321 911 2381 Equitibus
951 2320 1167 2380 equisque
1216 2318 1487 2381 tegumenta
1519 2322 1652 2364 erant

199 2407 254 2436 ex
278 2391 435 2437 ferreis
468 2389 649 2436 laminis
684 2388 799 2435 serie
821 2389 943 2435 inter
976 2403 1024 2434 se
1057 2386 1274 2433 connexis
1299 2401 1310 2432 ε
1353 2383 1480 2445 queis
1514 2388 1652 2430 antea

198 2467 378 2518 praeter
405 2457 557 2518 jacula
591 2455 705 2502 nihil
726 2455 932 2512 dederat,
958 2463 1089 2502 scuta
1111 2453 1341 2515 gladiique
1374 2449 1652 2511 adjicieban-
1700 2474 1701 2477 ¹

200 2536 306 2569 tur:
344 2539 656 2584 equorumque
690 2522 909 2569 domandi
942 2537 1108 2583 greges
1153 2518 1389 2582 peditibus.
1416 2515 1659 2565 distributi

202 2600 322 2644 sunt,
351 2603 402 2637 ut
434 2590 580 2651 major
611 2589 806 2652 pristino
849 2597 968 2636 esset
1002 2588 1262 2649 equitatus:
1298 2584 1566 2646 ingensque,
1599 2590 1656 2632 ut

204 2656 470 2711 crediderat,
496 2666 645 2704 terror
684 2656 897 2712 hostium,
921 2655 1149 2702 ducentae
1169 2652 1362 2700 falcatae
1383 2650 1648 2712 quadrigae,

206 2723 390 2769 unicum
423 2723 604 2769 illarum
637 2723 847 2785 gentium
882 2722 1118 2778 auxilium,
1153 2725 1338 2767 secutae
1369 2723 1492 2765 sunt.
1575 2715 1659 2767 Ex

205 2803 382 2836 summo
403 2797 587 2836 temone
608 2790 766 2837 hastae
787 2789 1016 2852 praefixae
1029 2787 1151 2834 ferro
1174 2784 1463 2840 eminebant;
1487 2782 1652 2832 utrim-

210 2872 297 2917 que
320 2871 346 2902 a
372 2855 490 2916 jugo
526 2864 681 2903 ternos
721 2857 986 2903 direxerant
1016 2853 1196 2915 gladios
1220 2868 1231 2899 :
1268 2859 1315 2899 et
1346 2852 1468 2899 inter
1498 2849 1659 2898 radios

203 2931 409 2970 rotarum
453 2921 586 2983 plura
619 2922 793 2984 spicula
825 2921 1087 2970 eminebant
1119 2920 1168 2965 in
1201 2917 1479 2966 adversum:
1534 2916 1674 2968 aliae·

205 2989 373 3037 deinde
410 2988 547 3036 falces
582 2989 770 3036 summis
815 2995 1020 3038 rotarum
1053 2986 1242 3035 orbibus
1274 2985 1561 3039 haerebant3
1596 2987 1646 3030 et
