1721 3200
479 203 721 264 QUINTI
757 202 997 251 CURTII
1035 202 1214 251 RUFI.
1513 202 1577 250 45

103 343 250 393 triani
270 342 394 391 inter
417 341 519 389 illas
552 345 717 404 gentes
751 338 1098 402 promptissimi,
1136 337 1336 385 horridis
1360 338 1576 401 ingeniis,

115 412 404 471 multumque
437 426 465 456 a
498 409 739 457 Persarum
775 407 889 454 luxu
925 406 1301 463 abhorrentibus,
1338 406 1416 454 siti
1451 405 1578 452 haud

112 479 272 543 procul
297 477 576 540 Scytharum
610 474 956 522 bellicosissima
988 480 1144 534 gente,
1183 482 1231 521 et
1265 481 1399 536 rapto
1422 473 1578 520 vivere

116 547 318 601 assueti;
355 559 628 607 semperque
652 543 700 588 in
725 543 865 588 armis
889 548 1062 588 errant.
1136 540 1228 587 Sed
1258 541 1440 599 Bessus,
1479 556 1578 587 sus-

112 621 249 676 pecta
292 613 498 676 perfidia,
534 611 659 658 haud
696 626 807 656 sane
841 624 986 670 aequo
1021 609 1175 654 animo
1210 609 1255 654 in
1291 609 1497 655 seeundo
1531 624 1582 657 se

113 682 359 729 continens
393 680 561 742 gradu,
598 694 747 739 regem
780 678 1016 724 terrebat:
1056 692 1162 722 nam
1203 691 1343 735 quum
1381 692 1579 738 regnum

114 750 366 799 affectaret.
394 747 609 810 proditiO,
636 761 728 808 qua
751 745 848 791 sola
871 745 918 790 id
943 744 1124 805 assequi
1150 753 1350 804 poterat,
1391 744 1580 790 timeba-

115 829 208 864 tur.
278 816 498 863 Ceterum
522 813 804 869 Alexander,
822 827 958 873 quam
979 813 1216 872 regionem
1242 811 1417 858 Darius
1440 811 1582 874 petis-

113 896 183 931 set
207 885 332 932 omni
358 900 470 930 eura
504 883 753 942 vestiganS,
779 888 934 927 tamen
960 879 1202 941 explorare
1236 895 1329 925 nou
1357 887 1541 942 poterat
1566 895 1579 936 ;

114 967 242 998 more
265 951 464 1013 quodam
506 950 763 1002 Persarum,
801 964 969 993 arcana
1003 963 1164 1007 regum
1190 947 1306 993 mira
1330 947 1580 994 celantium

111 1019 226 1066 fide:
263 1035 356 1065 non
391 1025 554 1070 metus.
583 1033 674 1062 nou
710 1031 813 1078 spes
848 1015 973 1062 elicit
1006 1030 1163 1061 vocem
1200 1029 1290 1073 qua
1325 1014 1584 1076 prodantur

110 1087 295 1134 occulta
317 1103 328 1138 ς
367 1095 500 1133 vetus
523 1084 767 1145 disciplina
791 1099 951 1144 regum
977 1082 1211 1129 silentium
1233 1083 1354 1129 vitae
1377 1081 1585 1144 periculo

35 1186 40 1190 -
71 1207 74 1213 ¹
113 1168 347 1201 sanxerat.
419 1153 604 1214 Lingua
637 1152 826 1212 gravius
851 1151 1107 1210 castigatur
1141 1166 1278 1210 quam
1304 1149 1449 1196 ullum
1477 1165 1582 1210 pro-

112 1223 275 1268 brum:
313 1237 396 1267 nee
421 1236 635 1281 magnam
671 1226 770 1265 'rcm
796 1218 1013 1265 sustineri
1048 1234 1181 1279 posse
1206 1218 1406 1264 credunt
1430 1217 1490 1263 ab
1526 1233 1582 1261 eo

110 1289 187 1336 cui
220 1297 375 1336 tacere
396 1303 539 1349 grave
571 1288 667 1342 sit;
706 1286 833 1348 quod
868 1285 1042 1332 homini
1078 1286 1346 1332 facillimum
1386 1285 1585 1330 voluerit

109 1372 210 1404 esse
233 1364 417 1403 natura.
467 1355 544 1402 Ob
568 1355 687 1402 hane
710 1370 894 1401 causam
923 1353 1206 1408 Alexander,
1235 1352 1441 1398 omnium
1464 1368 1584 1412 quae

112 1423 237 1487 apud
260 1424 439 1472 hostem
475 1431 752 1485 gererentur
784 1422 989 1482 ignarus,
1017 1422 1177 1466 urbem
1217 1421 1376 1466 Gazan
1401 1418 1583 1466 obside·

109 1491 211 1540 bat.
284 1491 501 1538 Praeerat
546 1491 587 1536 ci
629 1489 768 1545 Betis,
801 1488 996 1535 eximiae
1028 1489 1075 1533 in
1112 1504 1269 1548 regem
1304 1504 1438 1533 suum
1475 1485 1584 1532 fidei

110 1558 386 1620 modicoque
410 1558 642 1621 praesidio
667 1573 823 1603 muros
847 1556 1053 1617 ingentis
1076 1555 1228 1617 operis
1247 1556 1482 1603 tuebatur.

178 1626 360 1673 xxlv.
397 1626 666 1672 Alexander
700 1624 944 1671 aestimato
978 1623 1180 1669 locorum
1208 1624 1315 1678 situ,
1342 1622 1419 1683 agi
1453 1621 1586 1668 cuni-

110 1693 240 1740 culos
276 1694 433 1755 jussit,
471 1687 604 1755 'facili
640 1708 693 1738 ac
738 1692 828 1738 levi
861 1691 1006 1737 humo
1040 1701 1315 1751 acceptante
1349 1690 1582 1738 occultum

109 1776 258 1823 opus:
296 1760 468 1823 quippe
513 1761 707 1806 inultam
742 1775 929 1822 arenam
965 1758 1168 1804 vicinum
1205 1774 1332 1804 mare
1367 1758 1577 1810 evomit;

112 1843 199 1876 nec
222 1844 334 1876 saxa
357 1838 589 1888 cotesque,
626 1842 744 1888 quae
768 1826 1070 1887 interpellent
1105 1842 1282 1887 specus,
1310 1826 1577 1873 obstabant.

112 1895 264 1958 Igitur
286 1897 346 1943 ab
379 1912 432 1942 ea
455 1908 602 1958 parte,
629 1910 768 1957 quam
794 1893 1018 1955 oppidani
1043 1895 1310 1955 conspicere
1344 1908 1440 1939 non
1474 1909 1580 1955 pos-

107 1971 229 2020 sent,
256 1979 371 2026 opus
395 1979 541 2018 orsus,
570 1971 621 2009 ut
644 1979 673 2008 a
693 1977 831 2009 sensu
857 1961 956 2021 ejus
980 1969 1227 2019 averteret,
1252 1969 1405 2008 turres
1428 1960 1574 2006 inuris

108 2031 347 2078 admoveri
364 2031 519 2092 jubet.
590 2030 682 2077 Sed
719 2029 878 2081 cadem
907 2029 1075 2075 humus
1099 2028 1402 2076 admovendis
1435 2027 1578 2075 inuti-

90 2097 165 2144 ·lis
188 2098 410 2156 turribus,
438 2097 681 2144 desidente
705 2097 883 2153 sabu10‚
910 2097 1167 2157 agilitatem
1194 2105 1399 2143 rotarum
1426 2111 1576 2143 mora-

110 2166 264 2222 batur,
289 2173 340 2213 et
362 2165 572 2213 tabulata
595 2164 794 2212 turrium
831 2164 1150 2226 perfringebat
1175 2182 1186 2211 :
1225 2165 1453 2225 multique
1478 2163 1578 2208 vul-

106 2232 395 2281 nerabantur
425 2233 628 2295 impune,
666 2248 808 2294 quum
845 2231 966 2278 idem
1003 2232 1280 2293 recipiendis
1304 2232 1385 2293 qui
1418 2230 1577 2276 admo-

103 2299 268 2347 vendis
292 2300 499 2348 turi-ibus
521 2300 652 2346 labor
674 2315 754 2346 eos
775 2299 1008 2360 fatigaret.
1060 2299 1188 2359 Ergo
1212 2298 1419 2360 receptui
1443 2298 1580 2358 signo

106 2367 235 2423 dato,
261 2375 449 2430 postero
471 2367 549 2414 die
567 2382 723 2414 muros
740 2376 913 2414 corona
930 2367 1207 2414 circumdari
1225 2366 1385 2427 jussit.
1435 2365 1577 2413 Orto·

108 2451 202 2498 que
229 2436 339 2490 sole,
378 2435 647 2497 priusquam
679 2434 949 2482 admoveret
972 2435 1242 2489 exercitum,
1279 2448 1414 2494 opem
1438 2432 1580 2480 desim

108 2519 379 2565 exposcens,
417 2517 598 2549 sacrum
633 2502 786 2564 patrio
821 2518 948 2548 more
981 2502 1194 2548 faciebat.
1269 2500 1409 2547 Forte
1443 2516 1576 2562 prae-

105 2571 342 2618 tervolans
366 2585 548 2625 corvus,
584 2568 770 2630 glebam
795 2584 933 2630 quam
958 2569 1195 2629 unguibus
1219 2567 1399 2615 serebat
1421 2567 1578 2615 subito

105 2638 278 2696 omisit,
311 2653 432 2700 quae
466 2652 609 2699 quum
645 2635 770 2696 regis
803 2637 941 2699 capiti
979 2636 1230 2692 incidisset,
1268 2635 1474 2683 resoluta
1496 2635 1577 2680 de·

103 2704 270 2760 fluxim
329 2706 430 2767 ipsa
485 2712 640 2751 autem
677 2703 774 2750 avis
829 2704 879 2750 in
926 2703 1130 2765 proxima
1177 2710 1306 2751 turre
1350 2702 1578 2750 consedit.

106 2771 235 2821 mita
251 2781 353 2821 erat
377 2772 519 2821 turris
543 2770 773 2819 bitumine
795 2787 849 2818 ae
882 2770 1124 2833 sulphure,
1158 2771 1208 2817 in
1231 2787 1325 2832 qua
1359 2770 1444 2817 alis
1469 2769 1578 2815 hae·

104 2839 332 2897 rentibus,
358 2840 534 2887 frustra
571 2853 621 2885 se
658 2838 858 2885 allevare
880 2849 1091 2895 conatus,
1117 2854 1146 2885 a
1168 2836 1584 2885 circumstantibus

106 2906 304 2968 eapitur.
375 2907 537 2969 Digna
557 2921 631 2954 τω
666 2906 777 2961 visa,
803 2905 864 2952 de
895 2921 988 2968 qua
1023 2914 1152 2954 vates
1174 2906 1534 2953 consulerentur
1557 2920 1570 2954 3

104 2977 154 3018 et
191 2974 293 3023 ent
326 2989 422 3021 non
456 2975 665 3023 intactus
698 2989 755 3019 ea
799 2972 1133 3034 superstitione
1168 2973 1353 3020 mentis.
1447 2969 1580 3031 Ergo

107 3038 402 3099 Ari-under,
437 3041 515 3090 eui
562 3041 767 3088 maxima
812 3039 928 3088 (ides
974 3039 1250 3096 habebatur,
1301 3037 1429 3084 urbis
1474 3036 1576 3098 qui·
