1721 3200
558 163 764 214 LIBER
802 164 1144 224 QUARTUS.
1520 167 1584 216 69

122 302 306 361 accedo,
325 301 413 350 hoe
435 302 588 349 minus
610 301 679 359 iis,
705 317 823 364 quae
847 301 959 360 dixi,
985 317 1172 364 possum
1196 316 1294 349 esse
1318 308 1581 352 contentus.

127 371 216 421 Per
236 385 326 434 ego
347 385 430 417 vos
453 369 565 416 deos
584 369 773 431 patrios,
799 377 1134 432 aeternumque
1155 369 1326 431 ignem,
1349 371 1428 432 qui
1452 387 1584 434 prae-

124 440 269 489 fertur
289 437 526 495 altaribus,
546 437 868 499 fulgoremque
902 437 1010 484 solis
1044 438 1169 485 intra
1200 437 1316 484 fines
1339 440 1473 500 regni
1496 441 1585 486 mei

124 504 325 563 crinitis,
351 520 434 568 per
467 510 701 553 aeternam
736 505 1002 551 memoriam
1038 505 1166 568 Cyri,
1203 506 1281 567 qui
1318 506 1587 568 ademptum

126 573 275 623 Media
297 572 538 636 Lydisque
571 572 811 634 imperium
848 573 1024 634 primus
1058 573 1106 618 in
1140 572 1375 620 Persidem
1411 573 1585 631 intulit,

124 640 355 690 vindicate
378 641 436 687 ab
459 639 624 688 ultimo
650 640 879 688 dedecore
913 656 1083 687 nomen
1118 647 1400 703 gentemque
1426 641 1588 688 Persa-

48 736 53 746 =
126 724 246 758 rum.
313 708 385 756 Ite
402 708 574 755 alacres
599 714 645 755 et
669 723 750 770 spe
773 707 913 770 pleni,
935 714 1001 765 ut,
1020 724 1157 770 quam
1176 708 1372 768 gloriam
1391 710 1591 772 accepis-

129 777 188 825 tis
209 791 238 824 a
258 776 510 839 majoribus
534 775 712 832 vestris,
737 776 936 838 posteris
959 775 1248 838 relinquatis.
1322 776 1376 822 In
1413 777 1591 824 dextris

126 844 287 892 vestris
306 843 403 907 jam
428 843 708 899 libertatem,
734 859 884 905 opem,
906 859 1032 905 spem
1056 843 1201 890 futuri
1226 844 1449 907 temporis
1471 844 1593 906 geri-

124 913 200 960 tis.
270 911 451 972 Effugit
473 918 684 967 mortem,
712 910 921 973 quisquis
954 911 1316 974 contempserit;
1354 912 1592 959 timidissi-

126 994 250 1026 mum
267 994 496 1042 quemque
519 979 831 1040 consequitur.
904 977 1010 1040 Ipse
1043 994 1139 1025 non
1170 979 1322 1041 patrio
1357 995 1485 1027 more
1521 995 1592 1026 so-

125 1047 234 1103 lum,
272 1046 354 1094 sed
389 1045 527 1095 etiam
562 1053 615 1092 ut
651 1046 853 1108 conspici
888 1046 1071 1108 possim,
1110 1063 1248 1093 curru
1284 1047 1456 1094 vehor:
1507 1063 1594 1094 nec

128 1129 303 1172 recuso,
329 1130 423 1176 quo
446 1113 598 1160 minus
622 1113 867 1161 imitemini
892 1129 978 1171 me,
1006 1114 1102 1160 sive
1124 1114 1593 1162 fortitudinisexem·

125 1180 266 1243 plum,
292 1181 389 1228 sive
412 1181 627 1243 ignaviae
650 1179 812 1227 fuero.'

188 1248 322 1296 LVI.
359 1249 436 1296 15.
475 1248 668 1296 Interim
694 1249 978 1305 Alexander,
1005 1257 1059 1296 ut
1082 1256 1130 1296 et
1164 1249 1535 1298 demonstratum
1571 1267 1597 1296 a

125 1316 365 1379 transfuga
398 1316 669 1364 insidiarum
718 1316 870 1363 locum
917 1317 1198 1374 circumiret,
1234 1323 1282 1364 et
1318 1316 1480 1375 Dario,
1518 1319 1597 1380 qui

124 1383 305 1431 laevum
328 1400 474 1432 cornu
497 1384 733 1440 tuebatur,
761 1390 1040 1441 occurreret,
1066 1399 1234 1445 agmen
1259 1384 1501 1446 obliquum
1525 1386 1596 1432 in-

124 1450 288 1499 cedere
313 1451 465 1514 jubet.
551 1450 719 1497 Darius
765 1466 950 1513 quoque
984 1451 1148 1498 eodem
1184 1467 1317 1497 suum
1355 1453 1596 1508 obvertit;

127 1517 271 1566 Besso
294 1520 549 1574 admonito,
577 1526 630 1565 ut
660 1519 948 1580 Massagetas
971 1520 1148 1580 equites
1171 1519 1219 1565 in
1245 1519 1426 1566 laevum
1453 1520 1597 1567 Alex-

125 1586 260 1633 andri
277 1601 423 1634 cornu
447 1603 475 1634 a
497 1587 643 1634 latere
666 1586 820 1633 invehi
838 1586 1044 1647 juberet.
1115 1587 1221 1650 Ipse
1255 1593 1365 1634 ante
1389 1603 1438 1634 se
1460 1587 1598 1634 falca-

126 1659 199 1700 tos
221 1668 385 1701 currus
408 1654 637 1708 habebat;
665 1669 781 1716 quos
805 1655 940 1715 signo
959 1654 1072 1702 dato
1091 1655 1331 1701 universos
1349 1655 1398 1701 in
1417 1654 1597 1703 hostem

127 1719 292 1768 effindit
311 1737 322 1768 ε
349 1721 550 1768 ruebant
568 1721 735 1768 laxatis
753 1721 944 1768 habenis
963 1722 1170 1784 aurigae,
1191 1738 1284 1784 quo
1308 1723 1464 1785 plures
1481 1738 1598 1769 nnn-

127 1787 237 1834 dum
262 1788 374 1837 satis
396 1789 582 1851 proviso
605 1788 784 1850 impetu
800 1789 1084 1837 obtererent.
1155 1789 1287 1837 Alios
1306 1805 1419 1851 ergo
1437 1791 1599 1839 hastae

127 1855 326 1902 multum
350 1855 476 1903 ultra
499 1864 709 1903 temones
733 1855 1001 1913 eminentes,
1023 1857 1136 1904 alios
1154 1859 1213 1904 ab
1233 1864 1432 1919 utroque
1455 1857 1601 1905 latere

127 1921 344 1971 dimissae
385 1923 524 1970 falces
559 1923 846 1971 laceravere:
884 1939 970 1971 nec
1005 1925 1172 1971 sensim
1210 1925 1492 1972 Macedones
1527 1941 1600 1973 ce·

128 1989 317 2047 «lebant,
342 1991 425 2038 sed
450 1991 595 2038 effusa
628 1991 741 2053 fuga
776 1992 1079 2040 turbaverant
1113 1993 1314 2040 ordines.
1383 1992 1600 2040 Mazaeus

129 2071 313 2119 quoque
335 2058 556 2120 perculsis
579 2067 754 2106 metum
779 2059 986 2117 incussit,
1013 2059 1138 2107 mille
1173 2060 1409 2123 equitibus
1444 2060 1503 2108 ad
1529 2060 1599 2107 di-

131 2123 341 2186 ripienda
383 2124 528 2173 hostis
563 2126 896 2189 impedimenta
928 2127 1211 2175 circumvehi
1249 2128 1428 2190 jussis:
1472 2135 1602 2175 ratus

130 2191 336 2253 captivos
359 2207 558 2255 quoque,
582 2195 661 2256 qui
683 2194 819 2242 simul
843 2195 1226 2254 adservabantur,
1251 2202 1472 2258 rupturos
1498 2195 1600 2241 xin-

130 2259 248 2314 cula,
265 2273 407 2320 quum
433 2275 540 2307 suos
564 2262 990 2341 adpropinquantes
1013 2262 1255 2311 vidissent.
1326 2263 1435 2310 Non
1471 2262 1600 2309 fefel-

131 2326 248 2374 lerat
286 2326 654 2386 Parmenionem,
690 2330 768 2390 qui
803 2331 851 2377 in
886 2331 1018 2378 laevo
1053 2346 1199 2377 cornu
1236 2336 1366 2377 erat:
1404 2345 1602 2392 propere

131 2394 276 2456 igitur
302 2394 643 2458 Polydamanta
672 2397 820 2446 mittit
855 2398 913 2444 ad
949 2413 1120 2459 regem,
1147 2399 1227 2462 qui
1263 2405 1310 2445 et
1344 2397 1600 2458 periculum

131 2461 413 2518 ostenderet,
431 2469 491 2519 et,
512 2464 622 2524 quid
647 2463 744 2511 fieri
761 2465 965 2526 juberet,
987 2465 1263 2513 consuleret.
1337 2464 1423 2512 Ille
1439 2464 1602 2513 audito

134 2528 485 2594 Polydamante,
514 2531 645 2589 ‘Abi,
671 2547 854 2588 nuncia,
859 2531 1060 2593 i’nquit,
1083 2532 1418 2590 ‘Parmenioni,
1443 2533 1479 2581 si
1505 2533 1603 2580 acie

133 2597 391 2655 vicerimus,
428 2613 523 2646 non
570 2606 730 2647 nostra
777 2600 925 2647 solum
977 2615 1061 2647 nos
1112 2606 1481 2663 recuperaturos,
1520 2600 1599 2646 sed

132 2664 286 2723 etiam,
323 2681 443 2729 quae
476 2665 678 2713 hostium
717 2674 841 2725 sunt,
868 2675 1193 2730 occupaturos.
1263 2667 1471 2715 Proinde
1505 2682 1600 2714 non

135 2738 205 2780 oet
225 2734 352 2794 quod
375 2733 628 2796 quidquam
652 2734 818 2782 virium
842 2735 1074 2783 subducat
1097 2751 1154 2782 ex
1178 2736 1289 2793 acie,
1315 2735 1415 2793 aed,
1434 2742 1488 2783 ut
1512 2749 1598 2786 me,

136 2805 192 2846 ut
223 2798 441 2864 Philippo
473 2806 606 2864 patre
653 2801 847 2864 dignum
893 2808 978 2859 est,
1014 2809 1285 2866 contempto
1319 2802 1602 2850 sarcinarum

136 2864 319 2927 damno,
344 2868 528 2917 sortiter
550 2868 769 2918 dimicet!
837 2869 1029 2917 Interim
1063 2870 1247 2918 barbari
1270 2869 1604 2933 impedimenta

138 2932 472 2984 nub-verant.
524 2937 760 3000 caesisque
806 2936 1036 3000 plerisque
1090 2937 1355 2994 custodum,
1414 2934 1601 2999 captivi,

139 2997 332 3050 vinculis
351 3003 516 3067 ruptis,
542 3004 767 3068 quidquid
802 3004 991 3053 obvium
1026 3013 1140 3064 erat,
1167 3020 1261 3068 quo
1295 3003 1461 3052 armari
1494 3017 1602 3066 pon·
