1721 3200
95 130 150 176 10
455 127 696 187 QUlNTI
734 126 970 176 CURTII
1004 128 1167 177 RUFI

89 267 230 322 locus,
251 270 298 312 et
322 264 544 311 exercitui
561 271 842 311 commeatus
864 264 1190 326 suppetebant.
1259 263 1381 324 Ergo
1403 265 1546 315 Alex-

89 332 236 379 andro
259 332 309 378 in
333 332 431 378 acie
453 332 582 377 miles
606 347 700 377 non
723 331 889 378 defuit.
959 331 1133 377 Darius
1153 337 1314 378 tantae
1335 331 1546 380 multitu-

88 400 210 446 dinis
235 415 330 454 rex,
351 399 439 445 loci
461 398 510 444 in
535 415 628 460 quo
651 399 879 460 pugnavit
903 399 1130 458 angustiis
1153 397 1370 446 redactus
1393 405 1465 446 est
1487 399 1548 446 ad

87 467 379 527 paucitatem,
401 482 539 527 quam
557 467 606 512 in
627 466 759 513 host-e
783 473 1137 526 contempserat.

153 533 241 579 IX.
277 533 322 578 4.
361 533 546 580 Interea
581 533 864 587 Alexander,
901 533 1205 579 Abistamene
1224 531 1546 594 Cappadociae

88 601 362 662 praeposito,
391 599 602 646 Ciliciam
626 608 790 662 petens
814 616 918 645 cum
936 601 1150 646 omnibus
1174 600 1330 662 copiis,
1355 601 1543 662 region-

85 684 156 713 em
191 683 310 729 quae
335 668 499 715 Castra
525 668 637 729 Cyri
662 667 922 729 appellatur
946 674 1220 728 pervenerat
1244 683 1255 714 :
1291 668 1462 715 stativa
1477 669 1543 716 ibi

87 736 311 782 habuerat
337 735 502 797 Cyrus,
541 751 684 796 quum
719 735 963 780 adversum
1001 734 1225 780 Croesum
1257 734 1305 780 in
1342 734 1539 798 Lydiam

82 804 287 849 duceret.
357 804 535 848 Aberat
570 818 624 848 ea
657 802 786 862 regio
831 801 1173 862 quinquaginta
1216 802 1367 849 stadia
1411 803 1542 851 aditu

83 886 173 932 quo
210 869 422 916 Ciliciam
457 870 721 923 intramus3
762 867 903 932 Pylas
937 868 1117 914 incolae
1140 869 1318 927 dicunt,
1345 871 1557 918 arctissi—-

81 953 177 984 mas
216 937 385 994 fauces,
411 937 699 983 munimenta
733 951 852 997 quae
897 951 1038 981 manu
1083 936 1299 997 ponimus
1343 938 1545 985 naturali

80 1006 172 1052 situ
195 1005 422 1051 imitante.
495 1004 646 1064 Igitur
670 1004 887 1058 Arsanes,
915 1003 995 1063 qui
1022 1002 1210 1050 Ciliciae
1226 1010 1453 1065 praeerat,
1469 1021 1542 1052 re-

81 1078 249 1133 putans
295 1071 407 1133 quid
442 1071 577 1118 initio
625 1071 735 1117 belli
771 1070 995 1116 Memnon
1030 1071 1261 1127 suasisset,
1305 1072 1539 1133 quondam

79 1140 263 1186 salubre
309 1138 551 1185 consilium
598 1154 701 1184 sero
737 1137 927 1197 exsequi
960 1138 1155 1184 statuit:
1192 1138 1293 1198 igni
1326 1139 1542 1200 ferroque

81 1207 290 1253 Ciliciam
325 1212 491 1261 vastat,
528 1218 581 1252 ut
626 1204 749 1251 hosti
784 1204 1080 1251 solitudinem
1115 1204 1290 1262 faciat3
1322 1206 1544 1268 quicquid

79 1274 183 1320 usui
219 1290 317 1320 esse
355 1279 525 1334 potest,
564 1273 850 1333 corrumpit;
889 1272 1045 1318 sterile
1079 1288 1131 1318 ac
1165 1272 1343 1318 nudum
1378 1273 1541 1331 solum,

77 1341 204 1403 quod
238 1341 360 1389 tueri
385 1341 623 1401 nequibat,
649 1340 909 1385 relicturus.
981 1339 1074 1385 Sed
1097 1339 1238 1400 longe
1261 1340 1422 1387 utilius
1454 1340 1545 1388 fuit

77 1409 316 1470 angustias
363 1407 517 1454 aditus
558 1407 637 1468 qui
674 1406 882 1452 Ciliciam
919 1406 1067 1467 aperit
1113 1406 1267 1453 valido
1318 1422 1544 1469 occupare

79 1476 320 1537 praesidio,
351 1474 613 1535 jugumque
647 1482 908 1535 opportune
941 1473 1099 1519 itineri
1122 1474 1368 1520 imminens
1389 1475 1543 1522 obtin-

77 1559 167 1600 ere,
193 1543 320 1589 unde
343 1542 519 1588 inultus
536 1542 812 1587 subeuntem
828 1548 909 1586 aut
925 1541 1170 1601 prohibere
1189 1547 1270 1588 aut
1285 1542 1544 1602 opprimere

74 1610 256 1658 hostem
280 1609 521 1672 potuisset.
572 1609 719 1664 Tunc,
746 1608 903 1669 paucis
919 1608 999 1668 qui
1017 1608 1211 1653 callibus
1226 1609 1545 1669 praesiderent
1612 1670 1617 1676 ι

74 1678 261 1733 relictis,
310 1686 435 1724 retro
469 1677 568 1737 ipse
602 1675 841 1731 concessit,
879 1675 1126 1736 populator
1158 1682 1311 1721 terrae
1344 1691 1482 1736 quam
1517 1692 1544 1722 a

76 1745 452 1807 populationibus
485 1743 723 1789 vindicare
762 1743 1005 1789 debuerat.
1097 1741 1225 1802 Ergo
1271 1741 1351 1802 qui
1395 1743 1546 1790 relicti

76 1819 222 1869 crant,
247 1812 457 1874 proditos
476 1827 525 1857 se
541 1811 643 1867 rati,
662 1826 721 1856 ne
737 1816 1036 1870 conspectum
1060 1809 1246 1869 quidem
1270 1808 1416 1856 hostis
1439 1825 1538 1856 sus-

75 1880 224 1926 tinere
238 1879 498 1934 valuerunt,
511 1894 614 1924 cum
638 1877 711 1923 vel
734 1877 974 1938 pauciores
991 1875 1144 1921 locum
1168 1874 1380 1922 obtinere
1401 1884 1539 1937 potu-

75 1946 237 1994 issent.
306 1946 522 2006 Namque
554 1951 782 2006 perpetuo
809 1943 929 2004 jugo
953 1942 1124 1988 montis
1159 1941 1309 2004 asperi
1328 1958 1386 1990 ac
1408 1959 1542 2004 prae-

77 2014 203 2075 rupti
239 2013 401 2059 Cilicia
443 2012 700 2058 includitur
725 2028 736 2066 ;
785 2010 911 2072 quod
957 2025 1098 2070 quum
1144 2024 1171 2055 a
1214 2009 1332 2055 mari
1365 2016 1541 2071 surgat,

79 2082 224 2128 veluti
260 2081 364 2126 sinu
400 2079 601 2140 quodam
645 2079 862 2139 flexuque
897 2083 1153 2132 curvatum,
1200 2092 1361 2122 rursus
1394 2077 1543 2124 altero

79 2165 225 2195 cornu
247 2148 298 2194 in
322 2147 553 2193 diversum
569 2146 702 2192 littus
727 2144 943 2191 excurrit.
1015 2143 1105 2188 Per
1122 2143 1209 2190 hoc
1228 2143 1434 2201 dorsum,
1451 2160 1544 2205 qua

78 2216 277 2262 maxime
299 2215 552 2260 introrsum
586 2212 702 2258 mari
736 2211 874 2266 cedit,
901 2211 1050 2272 asperi
1074 2219 1167 2257 tres
1192 2210 1348 2258 aditus
1369 2216 1417 2257 et
1439 2225 1542 2272 per-

81 2282 267 2344 angusti
291 2287 400 2328 sunt
425 2297 436 2335 ;
475 2295 670 2341 quorum
693 2295 787 2325 uno
814 2278 976 2324 Cilicia
998 2278 1218 2324 intranda
1251 2283 1335 2324 est.
1359 2313 1364 2319 .
1407 2275 1543 2322 Cam-

76 2351 240 2410 pestris
265 2349 425 2395 eadem
449 2363 541 2408 qua
564 2347 716 2407 vergit
738 2345 798 2392 ad
821 2360 958 2401 mare,
985 2345 1224 2404 planitiem
1249 2343 1346 2404 ejus
1368 2343 1539 2389 crebris

79 2416 474 2476 distinguentibus
497 2415 633 2460 rivis:
662 2413 888 2475 Pyramus
912 2417 958 2459 et
978 2411 1173 2473 Cydnus
1195 2410 1359 2472 inclyti
1376 2424 1539 2456 amnes

83 2484 250 2529 fluunt.
553 2535 558 2538 .
1387 2504 1391 2508 ι
1495 2531 1498 2534 ,

150 2550 211 2595 X.
253 2549 449 2610 Cydnus
472 2565 568 2595 non
592 2546 741 2609 spatio
764 2562 988 2608 aquarum
1012 2546 1093 2592 sed
1116 2545 1293 2605 liquore
1315 2558 1540 2589 memora—

84 2618 223 2670 bilis;
262 2617 431 2676 quippe
463 2616 558 2661 leni
592 2621 746 2661 tractu
780 2629 806 2659 e
838 2613 1045 2659 fontibus
1078 2612 1252 2666 labens,
1288 2624 1406 2671 puro
1441 2609 1538 2655 solo

85 2683 327 2745 excipitur,
354 2697 439 2728 nec
464 2688 692 2729 torrentes
725 2681 972 2727 incurrunt
995 2678 1074 2738 qui
1097 2676 1276 2736 placide
1308 2675 1539 2723 manantis

85 2753 266 2799 alveum
290 2749 496 2797 turbent.
567 2748 731 2809 Itaque
753 2747 1062 2806 incorruptus,
1085 2743 1300 2803 idemque
1332 2741 1536 2803 frigidis-

88 2820 227 2865 simus
266 2816 437 2878 quippe
477 2814 624 2860 multa
668 2815 871 2875 riparum
917 2810 1197 2857 amoenitate
1233 2809 1551 2866 inumbratus,.

87 2887 260 2947 ubique
289 2882 496 2930 fontibus
529 2880 622 2927 suis
645 2880 805 2926 similis
837 2879 886 2924 in
919 2891 1046 2923 mare
1079 2875 1248 2922 evadit.
1317 2874 1470 2924 Multa
1490 2876 1555 2922 in.

89 2969 142 2998 ea
173 2951 366 3012 regione
387 2953 688 2996 monumenta
711 2946 905 3007 vulgata
935 2942 1214 2991 carminibus
1236 2948 1441 2990 vetustas
1464 2958 1544 2990 ex-
1570 2986 1575 2992 .
