1721 3200
153 137 218 187 38
582 139 790 189 LIBER.
826 139 1172 198 QUARTUS.

154 289 286 337 epm,
307 273 430 335 quod
447 273 682 337 stipitibus
704 274 891 322 fuerat'
878 273 1108 332 innixum,
1145 273 1465 324 fundamento
1480 274 1613 342 lapso

148 342 442 402 sequebatur.
510 343 671 404 Aegro
703 341 844 389 animi
876 342 1163 398 AlexandrO,
1199 348 1246 390 et
1268 348 1427 390 utrum
1459 357 1612 405 pene-

150 414 346 466 veraret,
384 424 445 456 an
478 409 640 465 abiret,
666 409 776 456 satis
808 410 999 466 incerto,
1037 408 1192 456 classis
1227 407 1385 472 Cypro
1409 409 1613 469 advenit,

144 475 403 536 eodemque
435 482 644 538 tempore
678 476 907 523 Cleander
941 492 1045 522 cum
1083 475 1272 523 Graecis
1304 476 1529 526 militibus
1556 478 1609 526 in

147 542 309 589 Asiam
341 558 491 605 nuper
524 543 759 591 advectus.
831 543 1032 590 Centum
1066 549 1114 591 et
1148 542 1389 605 octoginta
1411 543 1631 605 ‘navium'

142 608 337 656 classem
360 611 410 657 in
434 611 529 657 duo
553 610 721 658 dividit
744 625 917 656 cornua
937 627 947 664 ;
985 610 1168 657 laevum
1192 609 1502 673 Pnytagoras,
1527 627 1610 661 rex

146 675 440 738 Cypriorum,
488 693 593 724 cum
640 677 833 724 Cratero
879 677 1134 725 tuebatur:
1189 677 1509 726 Alexandrum
1556 679 1608 726 in

142 742 310 791 dextro
345 745 686 806 quinqueremis
710 745 839 805 regia
863 744 1078 791 vehebat.
1147 744 1248 791 Nec
1273 745 1420 808 Tyrii,
1446 760 1606 806 quam·-

142 824 281 870 quam
316 812 508 858 classem
542 812 791 868 habebant,
841 811 940 857 ausi
982 811 1145 858 navale
1189 812 1308 858 inire
1353 822 1607 871 certamen,

140 885 235 925 tres
270 878 626 925 omnino-naves
652 886 761 926 ante
794 879 893 940 ipsa
918 879 1098 925 moenia
1133 886 1467 941 opposuerunt,
1504 880 1606 941 qui-

142 945 230 991 bus
252 960 334 991 rex
358 946 568 994 invectus
590 948 712 1008 ipsas
736 946 968 993 demersit.

208 1011 344 1060 XIII.
383 1012 575 1060 Postera
599 1014 688 1070 die,
712 1013 855 1059 classe
879 1013 938 1059 ad
972 1013 1153 1060 moenia
1176 1013 1376 1070 admota,
1401 1013 1609 1074 undique

140 1080 398 1136 tormentis,
448 1089 494 1127 et
538 1081 738 1126 maxime
783 1081 977 1126 arietum
1019 1081 1168 1142 pulsu,
1211 1097 1367 1128 muros
1406 1081 1599 1143 quatit;

139 1160 252 1205 quos
301 1147 434 1209 Tyrii
467 1149 634 1209 raptim
668 1147 915 1194 obstructis
950 1148 1070 1193 saxis
1103 1148 1378 1206 refecerunt,
1412 1148 1603 1196 interio-

138 1227 238 1259 rem
272 1228 452 1274 quoquc
475 1231 676 1276 murum,
702 1221 768 1270 ut,
806 1215 843 1260 si
877 1215 1001 1275 prior
1023 1214 1270 1271 fefellisset,
1306 1215 1387 1261 illo
1419 1230 1469 1261 se
1501 1221 1603 1263 tue-

134 1288 312 1338 rentur,
360 1282 464 1328 orsi.
559 1282 651 1328 Sed
686 1281 889 1341 undique
928 1282 993 1327 vis
1031 1281 1137 1327 mali
1172 1282 1407 1342 urgebat:
1457 1282 1601 1329 moles

140 1346 263 1394 intra
286 1347 368 1395 teli
383 1346 564 1409 jactum
590 1358 688 1395 erat
714 1366 724 1403 3
760 1348 914 1394 classis
947 1348 1129 1394 moenia
1163 1349 1434 1396 circumibat
1459 1366 1470 1403 ;
1507 1356 1601 1397 ter-

139 1414 276 1461 restri
308 1415 445 1461 simul
467 1416 711 1476 navalique
734 1415 866 1462 clade
901 1416 1233 1464 obruebantur.
1306 1415 1504 1478 Quippe>
1528 1416 1598 1464 bi-

137 1497 220 1527 nas
255 1482 567 1542 quadriremes
602 1483 884 1530 Macedones
916 1483 1039 1529 inter
1073 1498 1120 1529 se
1152 1483 1219 1530 ita
1244 1482 1520 1544 junxerant,
1544 1493 1598 1531 ut

139 1562 305 1610 prorae
338 1549 649 1607 cohaererent,
684 1566 861 1612 puppes
895 1549 1169 1607 intervallo,.
1188 1557 1413 1610 quantum
1436 1565 1598 1613 capere

136 1622 339 1676 possent,
365 1617 606 1665 distarent.
675 1617 783 1664 Hoc
816 1618 1040 1679 puppium
1063 1616 1357 1664 intervallum
1380 1619 1598 1665 antennis

136 1683 455 1745 asseribusque
490 1685 655 1731 validis
701 1685 929 1745 deligatis,
979 1699 1206 1746 superque
1252 1700 1329 1730 eos
1373 1684 1595 1745 pontibus

135 1750 292 1797 stratis
338 1752 416 1812 qui
473 1752 665 1799 militem
716 1752 1013 1808 sustinerent,
1059 1751 1399 1813 impleverant;
1444 1751 1594 1800 sicin

134 1824 335 1865 structas
369 1819 680 1878 quadriremes
704 1819 764 1865 ad
797 1819 959 1864 urbem
986 1818 1223 1879 agebant:
1260 1818 1372 1864 inde
1404 1818 1595 1865 missilia

134 1885 183 1929 in
219 1893 560 1947 propugnantes
605 1886 938 1947 ingerebantur
972 1894 1089 1942 tuto,
1117 1885 1224 1945 quia
1269 1884 1416 1946 proris
1463 1885 1592 1932 miles

132 1952 394 2011 tegebatur.
465 1953 623 2000 Media
656 1969 751 1998 nox
786 1959 899 2006 erat,
925 1968 1067 2012 quum
1101 1953 1304 2008 classem,
1330 1952 1468 1999 sicuti
1490 1953 1590 2000 dic-

139 2025 237 2064 tum
272 2028 356 2075 est,
403 2028 626 2081 paratam,
675 2020 914 2066 circumire
961 2034 1114 2064 muros
1153 2018 1306 2079 jubet.
1390 2017 1592 2082 Jamque

133 2099 273 2132 naves
296 2087 400 2132 urbi
420 2087 626 2148 undique
649 2087 1029 2141 admovebantur,
1049 2094 1095 2133 et
1115 2085 1245 2148 Tyrii
1270 2086 1591 2148 desperatione

133 2152 393 2214 torpebant,
415 2169 556 2215 quum
576 2153 728 2200 subito
753 2154 921 2214 spissae
940 2154 1084 2199 nubes
1106 2153 1349 2199 intendere
1369 2169 1419 2200 se
1441 2153 1586 2210 coelo,

129 2232 191 2274 et,
217 2219 446 2282 quidquid
460 2220 575 2266 lucis
592 2221 907 2276 internitebat,
928 2220 1074 2266 offusa
1092 2220 1288 2281 caligine
1305 2220 1585 2268 exstinctum

125 2293 230 2332 est..
287 2287 411 2333 Tum
442 2287 761 2334 inhorrescens
806 2303 931 2333 mare
967 2287 1188 2349 paulatim
1221 2285 1377 2342 levari,
1413 2287 1584 2333 deinde

125 2353 289 2399 acriori
313 2361 455 2401 vento
478 2356 774 2410 concitatum,
811 2355 978 2401 fluetus
1002 2355 1134 2411 ciere,
1161 2360 1208 2401 et
1229 2351 1353 2400 inter
1370 2368 1418 2399 se
1440 2353 1581 2400 ‘navi-

123 2422 200 2478 gia
224 2421 458 2468 collidere.
527 2421 726 2483 Jamque
749 2421 897 2467 scindi
921 2427 1169 2482 coeperant
1192 2419 1389 2476 vincula,
1414 2420 1580 2479 quibus

125 2501 361 2535 connexae
384 2489 697 2550 quadriremes
721 2496 867 2545 erant,
904 2504 1037 2534 ruere
1059 2487 1280 2543 tabulata,
1305 2493 1354 2534 et
1371 2501 1481 2533 cum
1507 2487 1579 2533 in·-

125 2554 256 2612 genti
280 2555 463 2615 fragore
496 2556 546 2601 in
570 2555 849 2618 profundum
874 2571 1030 2602 secum
1054 2555 1222 2602 milites
1242 2553 1425 2601 trahere
1449 2569 1460 2600 :
1495 2569 1578 2600 ne-

125 2634 215 2680 que
231 2620 354 2666 enim
378 2631 591 2670 conserta
614 2623 798 2683 navigia
821 2623 914 2668 ulla
938 2637 1026 2683 ope
1048 2622 1098 2667 in
1120 2620 1308 2669 turbido
1323 2620 1423 2680 regi
1444 2629 1577 2682 pote-

124 2694 266 2734 rant:
300 2688 430 2734 miles
465 2691 719 2737 ministeria
753 2699 1013 2745 nautarum,
1049 2703 1206 2734 remex
1235 2686 1395 2734 militis
1427 2687 1578 2736 officia

123 2753 372 2808 turbabat3
412 2762 472 2811 et,
498 2757 658 2816 quod
647 2773 695 2802 m
720 2755 983 2817 hujusmodi
1006 2770 1114 2800 casu
1137 2752 1321 2809 accidit,
1345 2753 1482 2829 periti
1502 2754 1575 2824 ig-

121 2822 245 2866 naris
289 2822 548 2881 parebant:
598 2824 769 2899 quippe
811 2824 1159 2883 gubernatores,
1203 2819 1316 2866 alias
1350 2821 1577 2883 imperare

119 2887 258 2944 soliti,
284 2895 384 2935 tum
405 2895 534 2935 metu
568 2891 726 2936 mortis
751 2890 880 2950 jussa
911 2888 1293 2948 exsequebantur.
1364 2887 1575 2935 Tandem

118 2955 256 3000 remis
290 2954 569 3016 pertinacius
592 2957 909 3004 everberatum
933 2969 1072 3010 mare,
1099 2953 1241 3002 veluti
1274 2953 1574 3017 eripientibus
