1721 3200
541 175 748 229 mana
781 149 1087 228 ‘mam-us.
1475 180 1538 229 23

84 315 357 380 argentique
386 314 585 378 pondus,
619 329 714 363 non
748 314 856 363 belli
891 315 975 363 sed
1006 313 1216 362 luxuriae
1249 323 1538 378 apparatum,

86 383 374 449 diripuerant
390 383 588 438 militen
624 397 819 444 cumque
839 382 943 446 plus
962 389 1192 445 raperent,
1210 381 1374 443 passim
1395 388 1540 431 strata

87 456 223 500 erant
258 450 429 499 itinera
459 450 696 498 vilioribus
730 449 933 505 sarcinis,
969 465 1080 511 quas
1113 449 1161 495 in
1196 448 1541 511 comparatione

88 517 327 567 meliorum
351 516 545 567 avaritia
587 524 942 580 contempserat.
1009 516 1208 578 Jamque
1252 515 1309 562 ad
1350 516 1542 565 feminas

29 632 42 647 ,
87 594 359 649 perventum
393 591 507 641 erat,
540 585 718 646 quibus,
763 600 855 646 quo
887 584 1062 632 cariora
1107 592 1379 632 ornamenta
1424 594 1543 640 sunt,

88 652 334 702 violentius
354 652 719 701 detrahebantur
746 668 757 699 ε
794 666 881 700 nec
903 652 1170 715 corporibus
1191 651 1374 712 quidem
1400 653 1468 699 vis
1491 668 1544 699 ac

86 719 234 768 libido
252 720 484 783 parcebat.
555 719 727 767 Omnia
749 712 936 782 planctu
962 720 1264 780 tumultuque,
1288 729 1427 782 prout
1450 720 1545 767 cui·

89 801 179 848 que
207 786 395 835 fortuna
427 795 541 846 erat,
570 785 765 852 [castra]
802 788 1128 851 repleverant:
1165 802 1251 833 nec
1284 786 1377 833 ulla
1409 787 1546 835 facioe

89 853 198 902 mali
221 853 395 912 deerat,
420 870 524 901 cum
551 870 634 917 per
655 870 815 902 omnes
837 856 1025 902 ordines
1059 862 1322 915 aetatesque
1357 855 1543 902 w’ctoris

89 921 338 970 crudelitas
360 938 414 969 ac
438 922 624 970 licentia
646 929 907 982 vagaretur.
978 922 1113 969 Tunc
1134 937 1245 969 vero
1278 922 1547 984 impotentis

88 988 304 1037 fortunae
323 990 497 1052 species
520 989 901 1052 conspicipotuit.
928 1004 1030 1036 cum
1057 990 1102 1046 ii,
1128 989 1204 1050 qui
1231 989 1378 1036 Dario
1400 990 1552 1038 taber·

90 1055 305 1103 naculum
328 1066 680 1113 exornaverant,
707 1057 833 1103 omni
868 1057 979 1103 luxu
1003 1066 1051 1104 et
1085 1057 1323 1119 opulentia
1356 1056 1552 1105 instruc-

90 1132 206 1179 tum,
231 1123 393 1170 eadem
418 1123 498 1171 ina
520 1123 805 1180 Alexandro,
843 1124 970 1184 quasi
994 1124 1138 1171 veteri
1162 1123 1368 1181 domino,
1403 1139 1550 1171 rescr-

93 1189 282 1238 vab-nt.
350 1190 564 1251 Namque
586 1192 633 1238 id
659 1191 804 1238 solum
841 1192 1067 1239 intactum
1092 1191 1343 1239 omiserant
1368 1191 1552 1243 milites.

93 1258 161 1305 ita
175 1258 353 1306 tradito
376 1273 519 1316 more,
546 1267 598 1308 ut
622 1259 844 1307 victorem
871 1258 979 1307 victi
1003 1258 1127 1322 regis
1148 1259 1450 1306 tabernaculo
1475 1274 1553 1305 ex-

92 1324 313 1388 ciperent.

161 1391 341 1441 XXIX.
378 1392 469 1440 Sed
489 1393 694 1439 omnium
731 1395 888 1441 oculos
909 1395 1177 1454 animosque
1200 1393 1249 1439 in
1272 1400 1416 1440 semet
1444 1408 1554 1439 con·

92 1466 333 1509 verterunt
354 1461 563 1524 captivae
587 1470 734 1509 mater
757 1461 1016 1524 conjuxque
1038 1460 1169 1507 Darii
1191 1477 1202 1515 ;
1239 1460 1318 1507 illa
1340 1475 1435 1506 non
1462 1475 1550 1505 ma-

87 1526 261 1589 jestate
281 1528 446 1585 solum,
473 1529 554 1576 sed
578 1530 717 1576 etiam
739 1537 893 1577 aetate
915 1528 1220 1583 venerabili&
1247 1528 1360 1575 haec
1382 1527 1559 1575 formae

95 1594 454 1659 pulchritudine,
477 1611 564 1643 nec
582 1597 661 1643 illa
683 1597 866 1657 quidem
893 1605 1019 1644 sorte
1051 1603 1282 1658 corrupta.
1352 1595 1557 1656 Accepe-

96 1668 172 1710 rat
203 1662 253 1708 in
286 1663 437 1709 sinum
484 1664 644 1719 filium,
690 1665 898 1710 nondum
945 1671 1125 1711 sextum
1173 1662 1340 1710 aetatis
1386 1676 1555 1709 annum

97 1744 350 1791 egressum,
374 1730 422 1776 in
447 1746 573 1792 spem
599 1738 758 1778 tantae
791 1731 1019 1786 fortunae,
1044 1740 1264 1791 quantam
1289 1729 1427 1792 paulo
1451 1737 1559 1777 ante

98 1803 230 1858 pater
252 1796 352 1859 ejus
372 1798 602 1851 amiserat,
629 1798 852 1859 genitum.
924 1799 991 1846 At
1012 1798 1060 1844 in
1084 1798 1263 1860 gremio
1287 1811 1404 1844 anus
1428 1796 1557 1843 aviae

89 1864 311 1926 jacebant
355 1864 542 1913 adultae
575 1865 777 1926 virgines
819 1865 952 1922 duae,
989 1881 1082 1912 non
1130 1879 1212 1911 suo
1243 1871 1443 1918 tantum,
1479 1862 1560 1910 sed

98 1930 240 1980 etiam
261 1931 383 1979 illius
403 1947 611 1979 moerore
632 1933 886 1981 consectae.
956 1933 1129 1993 Ingens
1146 1933 1266 1979 circa
1293 1929 1444 1995 [eam]
1474 1946 1558 1977 no·

97 1997 260 2045 bilium
291 1999 564 2046 feminarum
603 2000 739 2048 turba
784 2001 1071 2057 constiterat,
1109 1999 1319 2047 laceratis
1358 1994 1561 2046 crinibus

101 2065 388 2127 abscissaque
420 2074 561 2124 veste,
597 2067 781 2129 pristini
814 2068 993 2115 decoris
1034 2069 1339 2124 immemores,
1377 2065 1560 2127 reginas

103 2132 404 2194 dominasque
436 2135 557 2181 veris
579 2135 826 2196 quondam,
863 2144 974 2184 tunc
1008 2135 1169 2183 alienis
1192 2134 1456 2181 nominibus
1490 2134 1559 2178 in-

102 2207 335 2247 vocantes.
426 2200 539 2249 Illae
582 2218 691 2249 suae
736 2203 1013 2251 calamitatis
1036 2202 1221 2257 oblitae,
1268 2209 1375 2249 utro
1415 2214 1560 2246 cornu

102 2266 278 2314 Darius
310 2267 527 2325 stetisset,
573 2285 689 2330 quae
734 2270 920 2320 fortuna
952 2270 1230 2318 discriminis
1263 2269 1438 2322 fuisset,
1487 2282 1559 2313 re·

104 2334 379 2396 quirebant:
417 2337 651 2397 negabant
693 2353 743 2384 se
781 2346 952 2402 captas,
995 2339 1032 2384 si
1080 2338 1254 2384 viveret
1299 2351 1395 2382 rex.
1466 2332 1560 2382 Sed

104 2402 235 2449 illum
269 2417 410 2463 equos
434 2403 630 2451 subinde
654 2413 909 2454 mutantem
946 2405 1129 2466 longius
1152 2405 1262 2464 fuga
1294 2399 1558 2450 abstulerat.

106 2468 163 2516 In
185 2470 283 2518 acie
313 2476 466 2518 autem
513 2486 646 2518 caesa
688 2479 797 2521 sunt
834 2473 1072 2520 Persarum
1117 2471 1327 2534 peditum
1374 2474 1560 2517 centum

107 2536 280 2593 millia;
325 2537 483 2584 decem
520 2552 629 2585 vero
662 2539 806 2587 millia
839 2541 1081 2589 interfecta
1113 2538 1333 2599 equitum.
1403 2536 1471 2584 At
1504 2551 1559 2583 ex

103 2611 239 2669 parte
259 2604 517 2653 Alexandri
551 2614 746 2665 quatuor
778 2614 827 2656 et
848 2606 1084 2670 quingenti
1106 2605 1249 2653 saucii
1281 2604 1443 2659 fuere:
1479 2603 1561 2651 tri·

106 2672 240 2735 ginta
259 2673 451 2720 omnino
473 2684 520 2720 et
542 2673 638 2719 duo
659 2688 716 2720 ex
740 2674 970 2736 peditibus
993 2672 1241 2721 desiderati
1265 2679 1373 2720 sunt
1399 2686 1411 2718 ε
1437 2671 1561 2732 equi·

106 2743 208 2787 tum
228 2748 414 2789 centum
438 2740 773 2802 quinquaginta
795 2741 1039 2792 interfecti.
1095 2740 1302 2788 Tantulo
1323 2737 1562 2801 impendio

105 2805 268 2867 ingens
287 2806 482 2856 victoria
501 2808 650 2857 stetit.

159 2872 330 2922 XXX.
366 2874 444 2922 12.
482 2874 587 2923 Rex
620 2875 700 2923 diu
737 2875 932 2923 Darium
967 2874 1283 2939 persequendo
1326 2872 1562 2933 fatigatum,

110 2945 404 3004 mquam
420 2948 470 2991 et
484 2958 580 2991 nox
599 2944 844 3008 appetebat
863 2952 912 2991 et
933 2957 1038 2991 cum
1055 2940 1326 3004 asseqmndi
1349 2954 1452 3002 spes
1467 2951 1564 2986 non

113 3011 228 3067 erat,
252 3007 303 3057 in
323 3014 473 3058 castra
495 3010 632 3074 paulo
653 3019 762 3061 ante
785 3028 810 3059 a
847 3010 940 3059 suis
972 3019 1108 3075 capta
1142 3007 1366 3073 pervenit.
1438 3003 1563 3053 lnvi-
