1721 3200
89 113 141 158 18
440 110 680 168 QUINTI
717 108 952 157 CURTII
989 106 1170 156 RUFI.

76 252 293 305 gesserat,
322 245 578 300 verebatur,
616 259 700 291 nec
734 242 917 304 injuria,
954 258 1012 290 ex
1043 242 1115 290 his
1148 257 1264 304 quae
1295 244 1530 299 tribuisset
1555 262 1561 273 ¹

78 312 163 359 sibi
183 329 194 368 ;
231 326 456 372 quamque
480 311 712 358 mutabilis
736 317 870 368 esset,
894 311 1140 372 reputabat
1165 327 1175 357 :
1212 326 1352 358 unam
1374 328 1532 376 super-

71 395 168 426 esse
203 385 384 425 noctem
408 393 523 438 quae
545 378 666 425 tanti
700 376 973 424 discriminis
1007 382 1264 425 moraretur
1296 386 1531 429 eventum.

76 446 253 491 Rursus
300 445 586 501 occurrebat,
624 444 798 506 majora
832 443 1046 506 periculis
1080 444 1296 506 praemia,
1331 453 1381 495 et
1414 447 1533 497 sicut

74 513 263 558 dubium
289 520 407 559 esset
443 527 501 558 an
537 511 757 567 vinceret,
780 512 847 558 ita
869 511 988 557 illud
1009 511 1171 571 utique
1205 520 1383 560 certum
1417 530 1532 574 esse,

73 580 262 625 honeste
285 587 460 626 etcum
494 594 663 640 magna
696 578 835 625 laude
868 577 1159 625 moriturum.
1232 577 1396 640 Itaque
1429 595 1557 629 cor-'

73 661 184 705 pora
229 645 395 693 milites
431 661 592 692 curare
617 645 771 707 jussit,
808 661 861 692 ac
896 645 1066 692 deinde
1100 645 1239 693 tertia
1271 646 1431 708 vigilia
1463 648 1534 695 in·

74 718 269 759 :structos
304 719 351 760 ct
395 721 593 760 armatos
629 728 755 768 esse3
803 712 900 774 ipse
934 712 982 758 in
1009 711 1179 773 jugum
1213 712 1327 762 editi
1360 716 1532 764 montis

71 780 290 837 ascendit,
329 780 575 839 multisque
609 779 942 826 collucentibus
987 779 1175 837 facibus,
1212 780 1364 841 patrIO
1408 797 1534 830 more

76 847 343 893 sacrificium
378 847 466 893 diis
491 846 777 908 praesidibus
800 846 889 892 loci
914 845 1036 893 fecit.
1104 845 1304 906 Jamque
1326 849 1532 908 tertium,

72 914 191 961 sicut
223 923 519 975 praeceptum
571 920 686 970 erat,
721 913 911 974 signum
955 913 1070 960 tuba
1114 912 1245 960 miles
1279 925 1532 978 acceperat,

74 980 226 1027 itineri
251 981 386 1027 simul
420 987 607 1042 paratus
641 987 688 1028 et
722 979 931 1041 praelio;
968 986 1245 1040 strenueque
1270 979 1390 1042 jussi
1422 999 1531 1045 pro-

71 1048 246 1105 madcre,
273 1047 450 1095 oriente
473 1048 575 1094 lucc
598 1052 909 1109 pervenerunt
943 1046 1003 1093 ad
1037 1047 1289 1107 angustias,
1313 1063 1425 1109 quas
1457 1066 1533 1097 oc-

69 1131 236 1176 cupare
253 1115 567 1162 decreverant.
639 1114 835 1160 Darium
858 1113 1054 1174 triginta
1074 1113 1186 1160 inde
1203 1114 1353 1162 stadia
1374 1116 1533 1164 abesse

71 1182 305 1242 praemissi
327 1182 625 1228 indicabant:
664 1189 777 1228 tunc
812 1181 1066 1227 consistere
1088 1196 1256 1243 agmen
1284 1180 1435 1243 jubet,
1461 1201 1534 1232 ar-

74 1249 247 1308 misque
271 1249 368 1311 ipse
389 1249 583 1311 sumptis
602 1248 745 1294 aciem
768 1247 969 1294 ordinat.

140 1316 270 1362 XXI.
331 1316 478 1362 Dario
546 1316 797 1362 adventum
855 1314 1056 1362 hostium
1112 1314 1267 1376 pavidi
1325 1324 1531 1378 agrestes

76 1383 422 1440 nunciaverunt,
481 1382 558 1428 vix
615 1381 824 1430 credenti
873 1396 1113 1428 occurrere
1146 1382 1282 1428 etiam
1334 1398 1448 1444 quos
1481 1392 1536 1433 ut

72 1450 301 1510 fugientes
341 1450 635 1510 sequebatur.
727 1448 854 1510 Ergo
900 1464 995 1496 non
1039 1447 1281 1496 mediocris
1327 1451 1532 1499 omnium

67 1518 241 1564 :mimos
275 1517 471 1564 formido
505 1516 788 1564 incesserat:
825 1515 995 1578 quippe
1028 1515 1194 1562 itinere
1228 1531 1365 1576 quam
1398 1533 1529 1581 prae-

66 1585 129 1630 lio
172 1584 371 1645 aptiores
417 1590 563 1641 erant,
623 1583 882 1645 raptimque
940 1598 1066 1629 arma
1111 1582 1392 1644 capiebant:
1449 1585 1532 1633 sed

70 1652 168 1712 ipsa
190 1651 424 1698 festinatio
459 1651 832 1707 discurrentium,
869 1664 1066 1710 suosque
1106 1649 1166 1700 ad
1200 1665 1328 1697 arma
1361 1667 1531 1700 vocan-

69 1719 198 1776 tium,
224 1717 444 1780 majorem
479 1725 653 1766 metum
688 1717 899 1764 incussit.
965 1716 1060 1762 Alii
1083 1716 1131 1762 in
1158 1715 1328 1778 jugum
1360 1720 1530 1768 montis

65 1792 317 1843 evaserant,
343 1795 396 1832 ut
430 1786 633 1832 hostium
656 1800 823 1846 agmen
855 1784 965 1830 inde
1000 1782 1349 1845 prospicerent:
1387 1800 1529 1846 equos

62 1853 266 1912 plerique
311 1852 591 1908 frenabant3
640 1852 814 1898 discors
860 1850 1100 1907 exercitus,
1148 1865 1234 1896 nec
1270 1851 1329 1897 ad
1378 1867 1526 1899 unum

65 1921 269 1967 intentus
314 1919 570 1981 imperium,
618 1918 745 1965 vario
785 1917 991 1965 tumultu
1027 1922 1196 1964 cuncta
1241 1918 1524 1967 turbaverat.

67 1986 235 2032 Darius
258 1985 392 2033 initio
426 1986 595 2033 montis
623 1985 792 2047 jugum
826 2000 931 2031 cum
964 1990 1096 2046 parte
1119 1983 1354 2045 copiarum
1387 2001 1524 2033 occue

65 2069 175 2113 pare
197 2053 375 2109 statuit,
401 2064 447 2100 ct
472 2069 498 2098 a
515 2052 667 2100 fronte
690 2057 737 2099 et
760 2068 787 2099 a
806 2058 942 2112 tergo
965 2050 1292 2098 circumiturus
1311 2051 1492 2100 hostem
1511 2070 1526 2101 2
1573 2083 1578 2090 ·

70 2137 95 2164 a
119 2121 234 2167 mari
268 2134 463 2180 quoquc,
488 2135 578 2179 quo
602 2119 818 2166 dextrum
843 2118 941 2179 ejus
965 2133 1110 2165 cornu
1132 2118 1393 2179 tegebatur,
1414 2119 1528 2167 alios

69 2186 346 2245 objecturus,
395 2193 448 2234 ut
482 2187 685 2246 undique
720 2192 919 2247 urgeret.
991 2184 1181 2232 Praeter
1213 2185 1332 2233 haec
1360 2186 1526 2247 viginti

68 2253 210 2300 millia
233 2253 479 2316 praemissa
503 2269 605 2299 cum
630 2253 974 2314 sagittariorum
995 2267 1150 2306 manu,
1177 2251 1398 2299 Pinarum
1430 2268 1526 2299 am·-

67 2336 184 2378 nem,
211 2321 288 2381 qui
323 2320 417 2367 duo
441 2320 625 2382 agmina
656 2320 964 2376 interfluebat,
1001 2318 1211 2376 transire,
1248 2326 1296 2367 et
1328 2317 1527 2380 objicere

66 2403 162 2433 sese
198 2387 505 2434 Macedonum
540 2387 682 2450 copiis
732 2387 970 2448 jusserat3
1007 2386 1044 2432 si
1079 2385 1129 2432 id
1161 2393 1396 2447 praestare
1427 2400 1522 2432 non

67 2461 271 2517 possent,
296 2454 587 2502 retrocedere
610 2453 658 2500 in
677 2461 871 2510 montes,
898 2458 945 2500 ct
963 2452 1142 2500 occulte
1160 2451 1397 2499 circumire
1413 2450 1523 2498 ulti-

69 2536 167 2567 mos
190 2520 406 2568 hostium.
479 2521 711 2578 Ceterum,
748 2521 979 2568 destinata
1013 2519 1257 2567 salubriter
1291 2517 1417 2564 omni
1448 2533 1522 2564 ra-

66 2589 191 2635 tione
222 2588 455 2650 potentior
477 2588 664 2635 fortuna
697 2587 911 2635 discussit
935 2603 946 2643 ;
973 2587 1141 2648 quippe
1163 2584 1239 2632 alii
1261 2599 1370 2646 prae
1392 2590 1521 2632 metu

64 2655 304 2718 imperium
350 2655 538 2714 exsequi
571 2671 667 2702 non
701 2655 950 2711 audebant,
988 2653 1065 2700 alii
1098 2653 1268 2698 frustra
1301 2665 1520 2711 exseque-

65 2723 234 2770 bantur
259 2739 268 2768 :
305 2719 425 2782 quia,
446 2721 525 2766 ubi
548 2727 701 2782 partes
735 2722 909 2778 labant,
936 2734 1113 2767 summa
1134 2717 1364 2765 turbatur.

128 2789 284 2836 XXII.
322 2788 366 2836 9.
403 2787 541 2834 Acies
565 2795 719 2835 autem
743 2788 830 2836 hoc
854 2787 991 2834 modo
1009 2784 1153 2834 stetit.
1221 2783 1521 2834 Nabarzanes

64 2856 275 2915 equitatu
321 2855 536 2903 dextrum
572 2869 716 2901 cornu
750 2855 985 2910 tuebatur,
1027 2849 1198 2899 additis
1231 2849 1521 2900 funditorum

66 2923 502 2983 sagittariorumque
523 2920 688 2982 viginti
722 2921 817 2969 fere
839 2919 1053 2968 millibus.
1125 2916 1180 2964 In
1204 2916 1367 2965 eodem
1386 2918 1522 2982 ,Thy-
