1721 3200
182 179 242 224 12
551 176 791 234 QUINTI
826 175 1068 225 CURTII
1102 175 1266 225 RUFI

177 319 260 361 aut
291 313 447 360 hostes
481 311 762 373 populatos:
805 326 888 374 per
932 318 1088 358 vastas
1122 310 1412 369 solitudines,
1459 313 1639 362 ethni
1696 316 1701 328 '

174 396 313 427 nemo
333 378 515 440 insequi
547 379 673 435 velit,
711 386 875 426 euntes
896 377 1017 425 fame
1052 386 1192 440 atque
1224 378 1384 440 inopia
1415 377 1639 428 debellari

172 459 334 509 posse:
355 446 508 502 Quem
523 445 707 507 signum
730 446 949 493 daturum
966 444 1254 506 fugientibus
1271 444 1296 491 t>
1322 445 1474 502 Quem
1498 462 1634 494 ausu-

171 530 274 560 rum
299 512 569 559 Alexandro
603 513 850 560 succedere
872 512 896 559 ⁴?
961 511 986 560 J
992 529 1080 570 am,
1105 519 1160 560 ut
1193 512 1255 559 ad
1277 510 1637 576 Hellespontum

169 582 279 642 fuga
300 586 616 642 penetrarent,
650 580 840 627 classem
874 595 966 642 qua
997 585 1240 627 transeant
1273 595 1411 641 quem
1442 596 1636 643 praepa-

169 655 378 695 raturum
397 647 422 694 ἶ)
491 647 674 694 Rursus
707 648 757 693 in
780 649 931 710 ipsum
955 663 1112 708 regem
1135 647 1450 694 misericordia
1481 649 1631 706 versa,

168 715 298 761 illum
332 715 491 761 florem
520 715 759 776 juventae,
783 716 910 761 illam
936 714 1028 760 vim
1052 714 1208 771 animi,
1242 714 1444 762 eundem
1467 731 1634 777 ⁴regem

166 790 212 830 et
246 782 622 838 commilitonem,
659 782 816 828 divelli
852 798 879 828 a
911 797 961 828 se
995 789 1043 828 et
1077 782 1304 844 abrumpi,
1322 781 1632 830 immemores

168 850 238 895 sui
271 850 602 911 querebantur.

232 916 342 963 XII.
381 916 512 963 Inter
557 917 672 963 haec
718 916 908 962 liberius
953 931 1109 962 meare
1155 916 1347 979 spiritus
1380 925 1632 979 coeperat;

164 984 394 1031 allevabat
426 999 509 1030 rex
540 984 713 1040 oculos,
749 990 797 1031 et
825 983 1051 1045 paulatim
1085 983 1314 1031 redeunte
1350 985 1507 1032 animo
1539 985 1629 1031 cir·

163 1058 446 1098 cumstantes
480 1052 651 1098 amicos
675 1057 965 1112 agnoverat;
999 1050 1249 1112 laxataque
1281 1052 1350 1098 vis
1383 1051 1535 1098 morbi
1568 1053 1630 1099 ob

161 1119 249 1164 hoc
284 1119 433 1165 solum
467 1118 726 1174 videbatur,
763 1117 872 1179 quia
915 1117 1286 1178 magnitudinem
1317 1119 1428 1166 mali
1459 1120 1630 1166 sentie-

163 1187 256 1232 bat.
328 1186 488 1231 Animi
523 1193 679 1232 autem
714 1185 960 1245 aegritudo
996 1200 1163 1246 corpus
1193 1186 1420 1247 urgebat;
1455 1186 1629 1249 quippe

164 1252 360 1299 Darium
386 1254 551 1314 quinto
570 1253 646 1299 die
668 1253 717 1299 in
754 1252 963 1298 Ciliciam
985 1252 1086 1298 fore
1118 1253 1431 1301 nunciabatur
1454 1269 1465 1299 ε
1502 1254 1630 1300 vinc-

159 1326 258 1367 tum
294 1336 406 1381 ergo
431 1336 478 1366 se
501 1320 639 1376 tradi,
666 1328 714 1367 et
737 1325 916 1367 tantam
939 1319 1178 1367 victoriam
1211 1321 1328 1383 eripi
1360 1321 1450 1367 sibi
1481 1323 1632 1368 mani-

159 1388 260 1442 bus,
313 1388 599 1448 obscuraque
633 1395 681 1433 et
712 1386 909 1448 ignobili
942 1394 1092 1434 morte
1125 1387 1175 1432 in
1208 1387 1512 1436 tabernaculo
1543 1405 1627 1435 suo

160 1455 373 1515 extingui
408 1471 456 1501 se
480 1455 775 1516 querebatur.
846 1454 1168 1516 Admissisque
1201 1455 1360 1501 amicis
1378 1456 1553 1517 pariter
1575 1463 1624 1503 et

156 1522 346 1568 medicis
372 1539 382 1568 :
413 1526 423 1547 ‘
444 1521 501 1567 In
534 1538 627 1583 quo
650 1521 754 1576 me,'
786 1521 956 1582 inquit,
983 1527 994 1546 ·'
1020 1522 1216 1568 articulo
1239 1538 1395 1568 rerum
1417 1538 1622 1569 mearum

156 1589 343 1637 fortuna
378 1589 740 1650 deprehenderit
775 1588 976 1635 cernitis.
1070 1588 1326 1651 Strepitum
1383 1589 1623 1637 hostilium

153 1672 385 1702 armorum
410 1657 631 1702 exaudire
653 1656 766 1702 mihi
789 1655 979 1709 videor3
1007 1665 1053 1703 et
1087 1656 1168 1718 qui
1201 1656 1326 1703 ultro
1359 1655 1500 1704 intuli
1522 1657 1621 1704 bel-

154 1722 250 1769 lum
278 1723 376 1785 jam
411 1739 652 1785 provocor.
723 1723 897 1769 Darius
931 1739 1059 1784 ergo,
1095 1739 1239 1785 quum
1273 1730 1369 1771 tam
1402 1724 1623 1786 superbas

154 1791 310 1838 literas
333 1791 571 1847 scriberet,
594 1793 831 1838 fortunam
854 1805 1004 1836 meam
1026 1791 1077 1836 in
1099 1790 1293 1837 consilio
1309 1790 1476 1838 habuit
1499 1807 1513 1846 3
1537 1792 1621 1838 sed

152 1858 481 1920 nequidquam,
507 1858 546 1904 si
579 1858 693 1904 mihi
716 1858 910 1904 arbitrio
944 1873 1060 1903 meo
1082 1857 1236 1904 curari
1267 1857 1396 1905 licet.
1466 1856 1621 1906 Lenta

151 1925 356 1971 remedia
379 1933 425 1972 et
444 1941 608 1987 segnes
631 1925 834 1971 medicos
851 1940 946 1970 non
966 1930 1215 1986 expectant
1235 1929 1447 1986 tempora
1479 1940 1583 1972 mea
1606 1943 1618 1972 :

150 1992 224 2039 vel
246 1993 364 2039 mori
398 1999 586 2040 strenue
620 2008 757 2054 quam
790 1991 924 2039 tarde
958 1991 1277 2038 convalescere
1308 1991 1423 2038 mihi
1455 1992 1621 2041 melius

151 2065 257 2115 een
294 2059 505 2122 proinde,
535 2060 572 2106 si
604 2060 718 2122 quid
742 2059 856 2121 opis,
881 2059 917 2105 si
941 2059 1056 2120 quid
1078 2058 1194 2106 artis
1224 2058 1276 2105 in
1307 2058 1498 2106 medicis
1529 2065 1617 2118 est,

151 2127 299 2174 sciant
321 2143 395 2173 me
427 2143 521 2173 non
558 2134 651 2174 tam
675 2127 838 2174 mortis
871 2142 1010 2188 quam
1044 2126 1154 2172 belli
1186 2125 1443 2173 remedium
1474 2143 1617 2189 quae-

151 2209 265 2240 rere.
271 2193 282 2210 ’
351 2193 597 2263 Ingentem
621 2194 837 2240 omnibus
871 2194 1129 2241 incusserat
1163 2209 1322 2240 curam
1355 2200 1452 2241 tam
1481 2209 1615 2255 prae·

152 2277 257 2323 ceps
296 2261 532 2309 temeritas
578 2260 618 2322 ej
626 2277 693 2308 us.
784 2261 928 2321 Ergo,
970 2276 1057 2322 pro
1101 2277 1149 2308 se
1183 2261 1391 2323 quisque,
1434 2261 1612 2322 precari

149 2343 354 2390 coepere,
379 2344 440 2375 ne
460 2328 758 2375 festinatione
779 2327 1033 2390 periculum
1059 2334 1260 2388 augeret,
1297 2326 1379 2373 sed
1410 2333 1533 2374 esset
1563 2328 1614 2372 in

148 2402 378 2471 potestate
411 2395 734 2444 medentium:
770 2396 1015 2457 inexperta
1047 2395 1252 2442 remedia
1281 2392 1408 2463 haud
1439 2392 1612 2454 injuria

149 2461 258 2523 ipsis
293 2478 391 2509 esse
425 2470 651 2526 suspecta,
699 2479 842 2525 quum
888 2462 948 2508 ad
978 2462 1229 2525 perniciem
1262 2458 1364 2523 ejus
1395 2460 1536 2507 etiam
1582 2477 1609 2507 a

149 2529 339 2576 latere
326 2530 470 2590 lpsius
503 2531 701 2593 pecunia
732 2530 985 2578 solicitaret
1017 2529 1179 2587 hostis,
1217 2526 1408 2592 (quippe
1431 2526 1631 2575 Darius-

148 2595 274 2642 mille
295 2597 472 2643 talenta
493 2597 779 2646 interfectori
814 2597 1071 2644 Alexandri
1093 2597 1314 2644 daturum
1334 2608 1386 2641 se
1399 2608 1609 2656 pronun-

149 2662 258 2709 ciari
284 2661 487 2724 jusserat
506 2663 538 2726 ε)
574 2665 734 2726 itaque
764 2679 826 2712 ne
858 2680 1079 2712 ausurum
1110 2662 1300 2725 quidem
1329 2675 1607 2723 quemquam

149 2727 544 2794 [arbitrabantur]
580 2732 779 2793 experiri
808 2732 1078 2788 remedium,
1112 2728 1240 2792 quod
1261 2734 1452 2790 propter
1473 2730 1607 2776 novi·—

146 2802 291 2844 tatem
309 2803 466 2859 posset
488 2813 587 2844 esse
604 2806 888 2860 suspectum.

210 2863 347 2910 XIII.
383 2863 429 2911 6.
468 2863 584 2912 Erat
614 2865 739 2912 inter
791 2866 970 2913 nobiles
1011 2862 1216 2910 medicos
1258 2878 1287 2910 e
1329 2836 1612 2911 Macedonia

145 2946 299 2991 regem
333 2937 556 2992 sequutus
590 2931 847 2994 Philippus,
883 2931 1074 2979 natione
1105 2931 1341 2988 Aoernan,
1365 2929 1488 2977 fidus
1517 2929 1603 2978 ad-

146 2998 333 3044 modum
351 2998 480 3060 regi:
496 3013 643 3063 puero
665 3015 819 3047 comes
834 3005 886 3048 et
898 3004 1060 3047 custos
1076 2997 1240 3047 salutis
1257 2997 1412 3057 datus,
1428 3012 1528 3045 non
1547 3002 1605 3045 nt
