1721 3200
542 154 750 205 LIBER
786 153 1096 203 TERTIUS.
1494 157 1554 207 17

90 293 164 342 rio
183 291 372 350 fictum,
396 291 635 342 delituisse
656 292 781 340 inter
814 290 1054 352 angustias
1078 287 1223 337 saltus
1245 289 1340 339 ritu
1375 291 1559 354 ignobi-

92 362 207 410 lium
247 360 463 416 feramm,
511 374 644 423 quae,
691 359 890 421 strepitu
940 357 1337 434 praetereuntium
1382 358 1559 413 audito,

93 428 324 492 sylvarum
348 426 538 476 latebris
569 442 620 474 se
652 426 972 474 occuluerint:
1008 424 1118 472 Jam
1152 425 1291 472 etiam
1326 426 1557 475 valetudi-

92 494 482 544 nis¹simulatione
511 492 722 542 frustrari
758 509 865 541 suos
899 491 1081 548 milites,
1118 491 1202 538 sed
1235 507 1329 539 non
1363 493 1560 557 amplius

92 563 243 627 ipsum
287 577 387 610 eme
430 562 701 625 passurun?
748 561 1010 608 detrectare
1054 564 1315 615 certamem
1375 561 1423 607 in
1479 559 1560 608 illo

94 645 250 694 specu,
294 629 345 678 in
388 645 527 692 quem
561 628 720 691 pavidi
755 628 1063 683 recessissent,
1100 641 1426 689 oppressurum
1462 644 1561 676 esse

93 703 382 747 cunctantes.

158 764 291 812 XIX.
361 763 494 811 Haec
511 762 882 825 magnificentius
896 762 1077 824 jactata
1093 777 1231 824 quam
1255 762 1421 809 verius.
1471 761 1560 808 Ce-

91 839 260 890 terum,
283 832 481 894 pecunia
502 831 628 878 omni
652 831 882 892 rebusque
903 829 1242 892 pretiosissimis
1278 829 1558 877 Damascum

94 899 258 964 Syriae
290 915 397 947 cum
430 898 613 946 modico
648 897 877 960 praesidio
923 897 1123 944 militum
1157 897 1319 953 missis,
1362 896 1562 959 reliquas

94 966 251 1031 copias
272 967 323 1014 in
346 966 555 1013 Ciliciam
579 964 730 1021 duxit,
767 964 1118 1026 insequentibus
1140 979 1268 1011 more
1301 964 1454 1026 patrio
1475 979 1558 1025 ag-

95 1049 202 1083 men
222 1033 425 1096 conjuge
447 1039 496 1081 et
517 1042 702 1088 matre;
738 1032 942 1093 virgines
963 1047 1149 1093 quoque
1171 1046 1277 1078 cum
1298 1047 1442 1093 parvo
1465 1030 1560 1077 fflio

93 1101 439 1150 comitabantur
454 1106 655 1161 patrem.
708 1098 850 1146 Forte
872 1098 1034 1145 eadem
1058 1106 1198 1146 nocte
1220 1106 1268 1146 ct
1291 1097 1561 1145 Alexander

93 1168 153 1217 ad
176 1168 334 1216 fauces
366 1168 537 1231 quibus
560 1167 698 1229 Syria
731 1166 902 1221 aditur,
926 1172 975 1213 et
995 1165 1169 1212 Darius
1191 1166 1251 1213 ad
1275 1181 1381 1212 cum
1406 1166 1559 1213 locum

93 1251 232 1299 quem
267 1235 518 1283 Amanicas
555 1234 695 1297 Pylas
729 1241 914 1289 vocant,
951 1232 1179 1295 pervenit.
1250 1233 1351 1280 Nec
1374 1232 1561 1281 dubita-

95 1319 204 1351 vere
249 1301 432 1360 Persae,
469 1302 596 1365 quin,
634 1301 732 1349 Isso
766 1300 929 1349 relicta
962 1316 1099 1362 quam
1134 1307 1368 1363 ceperant,
1406 1300 1561 1347 Mace·

94 1371 242 1420 dones
258 1370 489 1433 fugerent.
560 1370 681 1416 Nam
700 1369 840 1417 etiam
874 1368 1017 1415 saucii
1051 1367 1239 1434 quidam
1274 1375 1321 1415 et
1355 1367 1561 1423 invalidi,

93 1439 176 1501 qui
193 1453 361 1501 agmen
385 1453 481 1485 non
505 1443 723 1499 poterant
755 1436 983 1498 persequi,
1009 1435 1190 1497 excepti
1212 1441 1360 1483 erant.
1431 1435 1563 1492 Quos

93 1519 269 1562 omnes,
304 1505 531 1553 instinctu
566 1510 941 1567 purpuratorum,
978 1503 1173 1549 barbara
1202 1501 1386 1550 feritate
1418 1502 1565 1549 saevi·

96 1573 290 1630 entium,
331 1572 548 1635 praecisis
587 1571 857 1632 adustisque
898 1570 1131 1627 manibus,
1167 1569 1467 1627 circumduci,
1512 1576 1565 1616 ut

97 1641 254 1698 copias
275 1655 382 1687 suas
413 1646 674 1693 noscerent,
710 1638 914 1700 satisque
947 1638 1162 1684 omnibus
1185 1637 1419 1699 spectatis,
1443 1652 1565 1684 nun-

99 1707 224 1755 ciare
245 1722 366 1769 quae
388 1706 612 1753 vidissent
635 1706 735 1766 regi
757 1721 842 1752 suo
858 1705 1016 1767 jussit.
1086 1703 1230 1752 Motis
1251 1720 1366 1767 ergo
1389 1705 1566 1757 castris,

100 1782 290 1838 superat
315 1773 536 1821 Pinarum
560 1787 756 1829 amnem,
782 1773 830 1818 in
854 1772 1013 1833 tergis,
1039 1779 1093 1819 ut
1115 1772 1349 1829 credebat,
1386 1771 1566 1834 fugien-

98 1842 217 1891 tium
241 1841 477 1888 haesurus.
548 1841 615 1888 At
639 1839 707 1887 illi
741 1854 939 1902 quorum
963 1845 1283 1901 amputaverat
1306 1854 1483 1897 manus,
1508 1839 1569 1886 ad

102 1916 256 1957 castra
278 1908 591 1956 Macedonum
615 1913 877 1970 penetrant,
912 1905 1123 1963 Darium,
1158 1913 1334 1968 quanto
1368 1906 1569 1954 maximo

101 1991 240 2024 curm
273 1983 444 2039 posset,
479 1975 607 2036 sequi
641 1974 932 2022 nunciantes.
1006 1972 1098 2019 Vix
1130 1973 1246 2021 fides
1279 1973 1565 2026 habebatur;

104 2044 261 2104 itaque
302 2043 615 2105 speculatores
659 2042 708 2090 in
742 2041 996 2089 maritimas
1039 2041 1252 2103 regiones
1297 2041 1569 2104 praemissos

106 2110 348 2173 explorare
379 2110 532 2174 jubet,
579 2111 737 2172 ipsene
770 2109 953 2156 adesset
998 2124 1059 2155 an
1104 2108 1441 2171 praefectorum
1487 2108 1571 2155 ali-

106 2177 212 2240 quis
243 2177 442 2240 speciem
485 2178 771 2240 praebuisset
807 2175 1009 2223 universi
1056 2176 1284 2224 venientis
1318 2176 1571 2224 exercitus.

108 2244 205 2292 Sed
259 2259 401 2305 quum
447 2244 757 2307 speculatores
801 2249 1160 2301 reverterentur,
1203 2243 1364 2305 procul
1409 2243 1575 2306 ingens

108 2310 365 2362 multitudo
386 2318 631 2375 conspecta
653 2319 723 2359 est
743 2328 755 2365 ;
781 2311 914 2374 ignes
946 2309 1117 2357 deinde
1151 2311 1262 2358 totis
1286 2310 1459 2373 campis
1480 2310 1574 2358 col·

108 2380 265 2428 lucere
298 2386 567 2442 coeperunt,
614 2380 860 2439 omniaque
904 2377 1034 2426 velut
1067 2377 1328 2425 continenti
1359 2376 1578 2425 incendio

76 2472 80 2476 ·
110 2447 275 2496 ardere
298 2446 410 2501 visa,
433 2460 576 2507 quum
594 2446 834 2494 incondita
855 2444 1123 2501 multitudo,
1160 2444 1358 2492 maxime
1389 2451 1579 2509 propter

107 2515 338 2578 jumenta,
373 2513 525 2561 laxius
558 2513 791 2562 tenderet.
860 2512 1023 2573 Itaque
1056 2527 1113 2559 co
1148 2511 1249 2575 ipso
1280 2510 1383 2559 loeo
1416 2513 1578 2560 metari

115 2597 224 2630 suos
245 2589 398 2630 cestra
413 2581 632 2643 jusserat,
656 2580 820 2637 laetus,
846 2579 972 2640 quod
995 2578 1121 2625 omni
1143 2578 1433 2642 expetiverat
1455 2588 1577 2636 voto,

116 2650 167 2698 in
187 2648 281 2697 illis
302 2648 592 2713 potissimum
614 2647 841 2709 angustiis
858 2645 1203 2693 decernendum
1226 2644 1341 2695 fore.

186 2715 293 2765 XX.
331 2716 567 2772 Ceterum,
593 2722 647 2763 ut
670 2714 789 2763 solet
808 2715 923 2765 fleri.
949 2728 1091 2774 quum
1115 2712 1269 2762 ultimi
1303 2712 1583 2762 discriminis

118 2792 305 2847 tempus
337 2783 579 2840 adventat,
625 2782 674 2829 in
714 2780 1057 2830 solicitudinem
1102 2797 1236 2829 versa
1278 2780 1451 2829 fiducia
1493 2787 1579 2830 est.

123 2848 259 2900 Illam
291 2851 438 2914 ipsam
471 2850 726 2907 fortunam,
757 2863 850 2910 qus
875 2847 1110 2912 aspirante
1133 2864 1206 2897 res
1239 2856 1335 2897 tam
1369 2862 1587 2912 prospere

171 2965 193 2988 ⁶
209 2963 283 3006 ts.
305 2963 358 3006 Se
376 2963 585 3017 (Darium)
611 2976 688 3006 acu
715 2974 918 3018 passurum
945 2972 1033 3004 esse
1060 2962 1185 3017 ipsum
1212 2961 1536 3016 (Alexandrum.)

805 3033 843 3081 B
869 3033 899 3081 2
