1721 3200
131 125 193 172 28
263 126 504 183 QUINTI
530 126 767 174 CURTII
791 125 957 175 RUFI
981 124 1189 173 LIBER
1213 124 1524 176 TERTIUS.

131 277 234 322 que,
253 261 326 308 cui
344 276 574 308 summum
599 261 843 324 imperium
865 262 1125 310 maritimae
1147 276 1256 308 orae
1276 277 1360 308 rex
1381 261 1589 320 dederat,
1648 250 1653 260 ¹

131 344 249 374 uxor
273 343 377 374 cum
399 329 495 376 filio
528 336 723 392 excepta
745 335 829 377 est.
901 329 1130 377 Mentoris
1151 328 1274 375 filiae
1295 335 1405 387 tres,
1431 345 1484 376 ac
1506 345 1590 377 no-

130 395 338 441 bilissimi
372 396 504 444 ducis
538 397 804 444 Memnonis
838 397 1008 459 conjux
1031 403 1079 445 et
1099 396 1258 443 filius:
1293 397 1465 459 vixque
1497 397 1594 444 ulla

134 463 298 509 domus
316 465 561 526 purpurati
577 465 668 513 fuit
684 471 845 513 tantae
858 465 1001 511 cladis
1019 480 1198 526 expers.
1235 463 1593 512 Lacedaemonii

131 545 312 591 quoque
335 538 383 578 et
407 532 732 591 Athenienses,
757 533 988 580 societatis
1011 533 1105 580 fide
1127 532 1313 590 violata,
1338 531 1500 580 Persas
1523 548 1593 580 se·
1673 572 1676 575 Α

135 597 257 652 cuti;
295 598 592 661 Aristogiton
627 601 864 663 Dropides
898 607 945 647 et
980 600 1251 662 Iphicrates,
1284 601 1410 648 inter
1443 601 1594 648 Athe-

127 665 309 711 nienses
333 682 504 728 genere
526 668 740 730 famaque
762 669 904 729 longe
922 668 1161 715 clarissimi
1181 686 1191 716 ε
1220 667 1590 725 Lacedaemonii,

136 732 393 794 Pausippus
415 742 463 782 et
500 735 899 793 Onomastorides,
925 752 1030 783 cum
1058 736 1267 783 Monimo
1291 742 1339 784 et
1374 736 1595 784 Callicra-

130 799 229 846 tide
254 818 263 847 :
302 801 335 847 ii
358 818 543 865 quoque
566 804 695 850 domi
715 805 912 851 nobiles.
979 803 1172 851 Summa
1194 804 1417 866 pecuniae
1440 804 1596 866 signa-

131 878 206 913 tae
229 867 332 926 fuit,
358 870 642 918 talentorum
661 872 754 919 duo
779 872 922 918 millia
941 878 989 918 et
1012 878 1258 928 sexcenta3
1282 871 1394 920 facti
1416 873 1599 934 argenti

130 936 312 995 pondus
335 938 587 999 quingenta
610 941 851 1001 aequabat.
925 939 1186 997 Praeterea,
1221 939 1419 1002 triginta
1453 939 1596 987 millia

130 1003 383 1062 hominum,
402 1021 507 1052 cum
531 1014 707 1068 septem
728 1008 929 1054 millibus
946 1006 1268 1068 jumentorum
1291 1008 1431 1055 dorso
1453 1023 1595 1055 onera

134 1073 437 1130 portantium,
474 1081 606 1134 capta
643 1081 766 1122 sunt.
836 1075 1054 1123 Ceterum
1090 1075 1156 1121 dii
1190 1081 1351 1123 tantae
1382 1075 1598 1122 fortunae

135 1138 420 1197 proditorem
435 1141 644 1189 celeriter
668 1143 827 1190 debita
847 1158 998 1204 poena
1019 1143 1250 1204 persecuti
1273 1149 1400 1190 sunt.
1446 1141 1595 1189 Nam—

136 1219 224 1263 que
247 1223 366 1254 unus
392 1224 417 1253 e
435 1212 627 1258 consciis
652 1210 764 1271 ejus,
792 1210 944 1268 credo,
970 1210 1092 1271 regis
1116 1211 1263 1257 vicem
1286 1211 1428 1258 etiam
1446 1210 1496 1256 in
1518 1210 1599 1256 illa

135 1283 259 1320 sorte
283 1277 519 1333 reveritus,
540 1277 776 1326 interfecti
803 1276 1100 1341 [proditoris]
1128 1285 1270 1340 caput
1304 1278 1365 1325 ad
1398 1277 1597 1325 Darium

136 1340 258 1397 tulit,
286 1352 599 1405 opportunum
625 1347 841 1393 solatium
859 1346 1046 1407 prodito
1072 1363 1081 1392 :
1118 1346 1290 1408 quippe
1312 1356 1360 1394 et
1383 1345 1510 1393 ultus
1526 1345 1599 1391 in-

135 1408 325 1455 imicum
350 1418 463 1468 erat,
501 1422 548 1460 et
571 1414 779 1460 nondum
814 1413 864 1459 in
889 1415 1096 1460 omnium
1133 1414 1298 1461 animis
1331 1413 1599 1461 memoriam

137 1475 391 1536 majestatis
414 1496 524 1527 suae
547 1481 800 1529 exolevisse
824 1482 1058 1528 cernebat.
