1721 3200
559 157 763 207 LIBER
799 157 1144 217 QUARTUS.
1526 158 1587 209 65

134 298 294 343 votum
316 307 469 342 meum
490 293 714 357 implevit.
784 292 876 341 Sed
898 293 1036 356 hujus
1058 308 1243 356 quoque
1265 293 1443 341 consilii
1468 296 1586 343 ratio

134 372 294 424 postea
312 360 565 410 reddetur:
590 377 672 408 vos
693 361 760 409 ite
781 360 842 407 ad
864 362 1030 424 copias,
1056 361 1221 421 quibus
1244 361 1436 422 quisque
1458 377 1588 425 prae—

135 435 221 478 eet.
310 427 415 492 Ego
452 428 551 491 jam
583 428 739 485 adero,
774 435 823 476 et
856 429 968 489 quid
1001 429 1100 475 fieri
1134 428 1286 485 velim,
1323 431 1585 492 exponam!

138 495 267 544 Baro
288 495 537 544 admodum
559 495 801 544 admonitu
835 496 1100 553 amicorum,
1137 511 1278 556 quum
1312 504 1462 544 metus
1495 496 1587 545 dis-

135 563 339 613 criminis
361 563 538 622 aderat,
560 564 632 612 uti
654 563 846 611 solebat.
917 564 1052 610 Tunc
1075 578 1271 625 quoque,
1297 564 1587 613 munimento

136 631 341 695 corporis
362 637 560 694 sumpto,
595 631 819 694 processit
841 630 901 678 ad
935 631 1121 679 milites.
1190 630 1336 677 Haud
1359 631 1471 678 alias
1493 639 1588 680 tam

37 743 42 754 ,
134 698 330 749 elecem
353 698 565 746 viderant
587 714 744 761 regem
769 715 779 745 :
805 704 866 756 et,
892 698 1026 746 vultu
1049 698 1147 760 ejus
1164 698 1392 755 interrito,
1416 706 1589 748 certam

135 780 263 830 opem
284 765 505 814 victoriae
526 766 890 828 augurabantur.
959 767 1120 828 Atque
1142 765 1221 814 ille
1254 773 1447 829 proruto
1470 767 1591 814 vallo

134 847 341 948 4381ῙΙἾιοΙΙθ.ο
342 834 607 949 Ῐίιῐῗδᾶιεῗιῖἳὲ
618 849 777 948 ciffi?
779 833 1268 963 Issatilaigiiingqmtes,
1294 917 1410 963 quos
1433 918 1590 966 ayma

136 967 372 1032 appellant
395 985 406 1016 :
441 975 652 1031 praeerat
674 969 745 1015 his
770 968 937 1026 Clitus,
962 969 1038 1016 cui
1054 968 1215 1030 junxit
1251 968 1464 1017 Philotae
1486 976 1587 1018 tur-

139 1051 253 1091 mas,
275 1042 544 1098 ceterosque
576 1036 829 1099 praefectos
851 1036 1057 1098 equitum
1080 1036 1214 1084 lateri
1238 1036 1336 1097 ejus
1358 1037 1593 1099 applicuit.

142 1102 321 1151 Ultima
345 1102 566 1165 Meleagri
589 1104 661 1151 ala
682 1104 835 1151 stabat
859 1120 869 1150 :
907 1119 1043 1164 quam
1065 1103 1269 1166 phalanx
1303 1105 1593 1165 sequebatur.

138 1169 252 1219 Post
272 1169 549 1233 phalangem
574 1170 917 1234 Argyraspides
940 1177 1072 1219 erant
1098 1188 1108 1218 ε
1145 1171 1217 1218 his
1250 1171 1456 1219 Nicanor
1482 1171 1593 1218 Par-

137 1237 363 1286 menionis
395 1238 517 1285 filius
560 1244 789 1301 praeerat.
857 1238 913 1285 In
948 1238 1164 1286 subsidiis
1198 1254 1304 1286 cum
1338 1255 1479 1286 manu
1513 1256 1594 1286 sua

139 1303 349 1353 Coenos:
386 1312 491 1368 post
524 1321 630 1353 eum
666 1305 856 1354 Orestes
891 1305 1256 1368 Lyncestesque.
1347 1306 1462 1355 Post
1493 1307 1595 1354 illos

138 1371 441 1436 Polypercon,
488 1373 585 1420 dux
631 1374 864 1436 peregrini
920 1374 1092 1421 militis.
1193 1373 1353 1436 Hujus
1397 1375 1594 1436 agminis

137 1441 368 1503 Amyntas
390 1440 603 1503 princeps
626 1451 740 1488 erat.
813 1441 1033 1501 Philagus
1060 1441 1277 1488 Balacros
1311 1442 1517 1502 regebat,
1542 1442 1590 1488 in

41 1549 46 1551 .
136 1507 402 1556 societatem
420 1523 568 1570 nuper
589 1509 768 1556 ascitos.
840 1508 972 1554 Haec
990 1508 1143 1555 dextri
1166 1523 1310 1555 cornu
1328 1508 1466 1556 facies
1479 1519 1593 1558 erat.

142 1574 195 1622 In
238 1575 386 1632 laevo,
434 1575 655 1623 Craterus
703 1575 1122 1637 Peloponnensium
1168 1576 1348 1638 equites
1393 1576 1593 1624 habebat

139 1640 549 1704 Achaeorumque;
585 1652 633 1690 et
667 1643 965 1690 Locrensium
995 1650 1042 1690 et
1078 1643 1281 1690 Malieon
1305 1644 1473 1692 turmis
1507 1645 1591 1692 sibi

135 1707 385 1770 adjunctis.
453 1708 556 1756 Hos
596 1710 804 1757 Thessali
838 1711 1014 1771 equites
1048 1710 1339 1766 claudebant,
1377 1710 1592 1775 Philippo

134 1776 272 1824 duce.
340 1774 552 1824 Peditum
596 1778 714 1824 acies
737 1778 944 1838 equitatu
968 1779 1233 1839 tegebatur.
1302 1778 1450 1826 Frons
1472 1780 1589 1828 laevi

135 1859 282 1891 cornu
305 1843 422 1909 haec,
441 1855 554 1892 erat.
604 1845 696 1891 Sed
721 1861 779 1892 ne
802 1842 1029 1891 circumiri
1048 1855 1201 1907 posset
1222 1861 1250 1892 a
1276 1846 1591 1905 multitudine,

136 1911 352 1959 ultimum
375 1926 542 1972 agmen
576 1912 728 1959 valida
762 1928 900 1959 manu
925 1913 1162 1960 cinxerat:
1201 1928 1374 1960 cornua
1408 1930 1590 1976 quoque

136 1978 350 2026 subsidiis
372 1979 584 2036 firmavit,
604 1995 699 2026 non
723 1990 849 2028 reeta
872 1981 1036 2036 fronte,
1062 1981 1141 2027 sed
1166 1996 1194 2026 a
1216 1980 1360 2028 latere
1392 1982 1552 2043 positis
1577 2002 1586 2038 ;

138 2052 205 2100 nt,
230 2044 268 2092 si
283 2044 430 2093 hostis
452 2046 781 2095 circumvenire
803 2048 946 2095 aciem
963 2056 1199 2103 tentasset,
1224 2056 1384 2110 parata
1407 2065 1589 2112 pugnae

138 2112 306 2159 forent.
374 2111 469 2160 Hic
503 2111 700 2175 Agriani
734 2123 880 2169 erant,
916 2115 1084 2178 quibus
1119 2115 1311 2162 Attalus
1350 2126 1587 2178 praeerat,

135 2178 366 2241 adjunctis
388 2180 636 2242 sagittariis
655 2182 968 2230 Cretensibus.
1041 2183 1241 2230 Ultimos
1256 2183 1440 2231 ordines
1458 2200 1586 2231 aver·

137 2246 194 2295 tit
229 2262 257 2292 a
279 2245 445 2303 fronte,
470 2255 524 2296 ut
558 2256 703 2296 totam
737 2250 880 2297 aciem
914 2251 1026 2298 orbe
1059 2251 1275 2298 muniret.
1346 2250 1489 2312 Illyrii
1514 2252 1587 2299 hic

135 2321 282 2371 erant,
301 2313 523 2374 adjuncto
541 2316 685 2364 milite
703 2318 912 2365 mercede
933 2318 1177 2366 conduct0.
1248 2317 1450 2364 Thracas
1472 2334 1586 2381 quo-

135 2397 224 2444 que
258 2380 394 2428 simul
427 2382 657 2444 objecerat
701 2383 863 2433 leviter
908 2391 1143 2432 armatos:
1192 2384 1399 2446 adeoque
1443 2386 1586 2434 aciem

136 2448 395 2496 versatilem
419 2450 587 2511 posuit,
604 2457 657 2498 ut
674 2451 752 2512 qui
771 2453 919 2500 ultimi
938 2453 1123 2500 stabant
1141 2467 1200 2498 ne
1213 2452 1578 2510 circumirentur,

134 2517 253 2564 verti
288 2523 445 2563 tamen
478 2523 526 2565 et
558 2517 607 2563 in
640 2517 840 2567 frontem
872 2519 1120 2580 circumagi
1154 2527 1354 2580 possent.
1426 2519 1587 2584 Itaque

135 2598 229 2632 non
253 2583 400 2647 prima
418 2600 556 2646 quam
572 2584 732 2642 latera,
757 2601 851 2633 non
872 2586 1017 2634 latera
1037 2586 1286 2634 munitiora
1300 2585 1428 2635 fuere
1449 2602 1583 2649 quam

133 2659 283 2712 terga·
768 2701 781 2717 0

200 2717 334 2766 LIII.
369 2717 461 2767 His
483 2718 550 2767 ita
582 2718 819 2778 ordinatis,
844 2722 1079 2784 praecipit,
1117 2728 1184 2780 ut,
1207 2721 1246 2769 si
1267 2720 1458 2771 falcatos
1481 2739 1581 2769 eur-

137 2798 216 2834 rus
237 2801 343 2833 cum
365 2785 551 2834 fremitu
585 2786 768 2834 barbari
800 2789 1080 2846 emitterent,
1113 2789 1199 2852 ipsi
1222 2789 1387 2837 laxatis
1409 2790 1582 2836 ordini-

134 2849 222 2898 bm
262 2853 487 2916 impetum
517 2854 851 2903 incurrentium
885 2856 1069 2904 silentio
1109 2856 1408 2920 exciperent:
1457 2856 1620 2909 haud.

134 2915 304 2968 dubim
332 2920 433 2969 sine
463 2937 587 2970 noxa
619 2928 974 2979 transcursuroe,
999 2924 1038 2970 si
1060 2939 1196 2972 nemo
1229 2939 1279 2972 se
1309 2930 1576 2986 opponeret.

134 2983 220 3032 Sin
253 2991 407 3036 nutem
440 2988 539 3038 sine
579 2989 766 3038 fremitu
809 2989 1114 3050 immisissent,
1150 3007 1229 3041 eos
1262 2991 1350 3053 ipsi
1382 2990 1578 3041 clamore
