1721 3200
472 190 713 251 QUINTI
749 189 987 239 CURTII
1022 188 1202 238 RUFI.
1508 188 1573 237 31

93 327 440 378 solicitaverant
484 327 626 376 vestri
649 325 675 374 ζ)
733 324 882 386 Impia
914 324 1038 372 enim
1083 324 1205 372 bella
1237 323 1482 387 suscipitis,
1521 334 1565 371 et

94 411 239 460 quum
261 393 472 443 habeatis
504 410 646 452 arma,
671 393 875 441 licemini
910 389 1112 439 hostium
1147 391 1336 455 capita:
1372 391 1494 439 sicut
1515 398 1567 439 tn

92 463 303 527 proxime
325 461 515 510 talentis
539 461 680 519 mille,
716 460 837 510 tanti
871 459 1105 507 exercitus
1128 475 1225 516 rex,
1251 474 1568 522 percussorem

94 531 146 580 in
167 545 242 578 me
263 544 418 578 emere
436 529 642 577 voluisti.
691 527 889 590 Repello
906 526 1052 588 igitur
1070 527 1256 583 bellum,
1283 542 1378 573 non
1402 526 1569 574 infero.

98 598 163 647 Bt
196 596 288 646 diis
320 611 508 659 quoque
542 612 627 660 pro
659 596 851 643 meliore
883 594 1115 642 stantibus
1148 610 1302 649 causa,
1352 608 1569 656 magnam

94 670 277 729 putem
310 663 453 711 Asiae
486 664 537 711 in
559 664 788 712 ditionem
822 661 984 722 redegi
1008 678 1157 708 meam
1185 679 1195 708 :
1236 662 1434 723 teipsum
1472 661 1571 708 acie

95 732 216 782 vici:
251 746 390 794 quem
411 731 498 780 etsi
546 731 663 778 nihil
687 747 715 778 a
737 746 812 777 me
835 729 1086 792 impetrare
1109 729 1371 790 oportebat,
1408 735 1573 790 utpote

93 800 175 863 qui
206 814 268 847 ne
290 797 401 846 belli
424 799 613 861 quidem
636 798 685 845 in
709 814 784 845 me
803 797 1206 859 juraservaveris,
1231 803 1404 853 tamen,
1431 797 1468 843 si
1494 811 1572 843 ve-

95 866 223 916 neris
255 865 466 928 supplex,
506 873 554 914 et
589 874 784 913 matrem
818 871 866 913 et
901 863 1151 926 conjugem
1186 870 1235 912 et
1269 864 1439 912 liberos
1475 864 1574 910 sine

96 933 251 998 pretio
273 941 571 996 recepturum
594 941 644 981 te
665 949 765 981 esse
782 932 1023 995 promitto.
1093 929 1159 979 Et
1183 932 1369 979 vincere
1392 942 1439 980 et
1462 947 1572 978 con-

95 1001 250 1051 sulere
272 1001 408 1049 victis
430 1001 541 1048 scio.
612 1001 754 1058 Quod
789 1001 826 1046 si
861 1007 909 1047 te
943 999 1076 1046 nobis
1110 1001 1401 1048 committere
1423 1001 1574 1054 times,

95 1068 309 1117 dabimus
327 1067 468 1115 fidem
486 1068 676 1131 impune
699 1076 964 1115 venturum.
1036 1066 1112 1113 De
1135 1074 1309 1123 cetero,
1335 1083 1440 1114 cum
1461 1066 1573 1113 mihi

93 1135 280 1192 scribes,
306 1143 541 1184 memento
564 1151 661 1182 non
685 1135 838 1182 solum
866 1135 965 1189 regi
984 1141 1047 1184 te,
1074 1134 1159 1180 scd
1183 1135 1322 1181 etiam
1348 1146 1445 1190 tuo,
1463 1134 1575 1181 scri-

95 1200 236 1251 bere.'
302 1202 382 1249 Ad
406 1203 525 1250 hanc
544 1203 867 1265 perferendam
894 1201 1180 1263 Thersippus
1203 1202 1383 1258 missus,
1411 1203 1573 1264 ipsein

98 1269 363 1319 Phoenicen
387 1270 560 1318 deinde
583 1270 842 1326 deseendit,
880 1277 929 1317 et
965 1269 1190 1331 oppidum
1217 1268 1404 1333 Byblon
1429 1271 1573 1317 tradi-

100 1346 203 1387 tum
224 1337 413 1400 recepit.

165 1403 255 1452 111.
294 1403 412 1452 Inde
451 1405 512 1452 ad
554 1405 731 1453 Sidona
773 1410 963 1452 ventum
1006 1412 1111 1457 cst‚·
1136 1405 1295 1452 urbem
1345 1414 1578 1455 vetustate

78 1469 313 1541 ‚fatuaque
335 1473 632 1521 conditorum
658 1473 897 1535 inclytam.
971 1472 1221 1531 Regnabat
1256 1473 1305 1518 in
1339 1489 1395 1521 ea
1419 1475 1579 1523 Strato
1670 1496 1677 1503 ·

103 1539 238 1587 Darii
261 1540 427 1602 opibus
450 1541 671 1603 adjutus;
710 1541 791 1588 sed
816 1540 922 1600 quia
945 1539 1233 1586 deditionem
1261 1543 1408 1603 magis
1432 1558 1577 1605 popu-

100 1607 267 1655 larium
292 1622 429 1668 quam
455 1624 537 1655 sua
560 1617 727 1670 sponte
762 1608 948 1663 fecerat,
985 1623 1132 1664 regno
1169 1609 1290 1655 visus
1325 1609 1576 1672 indignus:

104 1673 539 1735 Hephaestionique
563 1677 853 1737 permissum,
879 1684 945 1728 ut,
970 1690 1105 1735 quem
1143 1691 1199 1721 eo
1232 1675 1413 1737 fastigio
1446 1695 1471 1724 e
1508 1679 1578 1725 Si·

105 1741 259 1789 doniis
309 1741 636 1803 dignissimum
684 1743 1004 1798 arbitraretur,
1050 1744 1356 1792 constitueret
1402 1762 1580 1807 regem.

106 1807 259 1858 Erant
283 1807 624 1872 Hephaestioni
658 1810 878 1872 hospites,
916 1809 1025 1855 clari
1062 1810 1186 1857 inter
1219 1826 1325 1857 suos
1353 1812 1578 1874 juvenes:

103 1876 196 1937 qui,
238 1875 363 1925 facta
400 1877 511 1939 ipsis
552 1886 783 1940 potestate
817 1877 1060 1937 regnandi,
1098 1889 1388 1937 negaverunt
1422 1895 1581 1941 quem-

104 1958 243 2005 quam
267 1944 420 2007 patrio
444 1961 573 1991 more
595 1946 644 1991 in
669 1945 717 1991 id
743 1945 978 2005 fastigium
1004 1945 1159 2006 recipi,
1181 1946 1266 1992 nisi
1288 1948 1416 2008 regia
1438 1950 1583 2012 stirpe

110 2018 280 2059 ortum.
373 2012 649 2060 Admiratus
696 2011 987 2075 Hephaestio
1034 2013 1402 2078 magnitudinem
1439 2018 1582 2064 animi

112 2079 374 2141 spernentis
419 2080 542 2140 quod
590 2080 667 2127 alii
717 2096 799 2142 per
844 2080 976 2140 ignes
1022 2069 1290 2141 ferrumque
1330 2092 1580 2144 peterent:

115 2152 127 2171 ⁶
148 2144 247 2192 Vos
269 2145 456 2208 quidem
491 2147 632 2195 macti
667 2147 869 2204 virtute‚'
904 2148 1067 2208 inquit,
1104 2153 1115 2173 ‘
1135 2155 1298 2205 estote,
1335 2152 1413 2210 qui
1447 2153 1581 2214 primi

114 2211 425 2270 intellexistis,
450 2223 628 2275 quanto
652 2215 801 2277 majus
824 2225 945 2263 esset
967 2230 1168 2276 regnum
1202 2217 1413 2264 fastidire
1446 2235 1582 2279 quam

113 2280 351 2343 accipere:
389 2288 593 2328 ceterum
618 2282 729 2331 date
753 2283 949 2343 aliquem
986 2283 1142 2344 regiae
1176 2284 1348 2346 stirpis,
1375 2287 1451 2346 qui
1489 2302 1584 2335 me-

114 2347 305 2395 minerit
327 2363 355 2394 a
377 2348 508 2395 vobis
540 2358 781 2412 acceptum
817 2350 988 2397 habere
1021 2367 1070 2397 se
1104 2350 1334 2411 regnum)
1403 2355 1469 2401 At
1506 2355 1586 2408 illi.

114 2429 257 2476 quum
293 2416 466 2463 multos
499 2416 739 2464 imminere
773 2425 933 2465 tanne
966 2418 1062 2479 spei
1097 2426 1355 2473 cernerent,
1394 2421 1587 2483 singulis

95 2483 365 2539 ,amicorum
391 2482 649 2530 Alexandri
672 2485 734 2531 ob
757 2485 947 2532 nimiam
973 2485 1104 2544 regni
1140 2485 1443 2546 cupiditatem
1470 2490 1585 2537 adu-

115 2549 281 2608 lantes,
306 2557 534 2599 statuunt.
561 2551 793 2599 neminem
829 2568 929 2600 esse
963 2552 1190 2613 potiorem
1216 2568 1352 2613 quam
1379 2555 1586 2605 Abdalo-

115 2631 309 2680 nymum
333 2618 581 2680 quendam,
598 2618 739 2680 longa
761 2620 946 2680 quidem
974 2620 1255 2680 cognatione
1276 2621 1410 2685 stirpi
1435 2626 1590 2687 regiae

115 2697 366 2743 annexum,
401 2685 484 2733 sed
519 2686 580 2733 ob
615 2686 818 2748 inopiam
853 2686 1171 2734 suburbanum
1207 2686 1395 2737 hortum
1422 2692 1589 2753 exigua

117 2751 348 2802 colentem
384 2753 519 2815 stipe.
589 2752 742 2800 Causa
777 2753 818 2800 ei
852 2753 1155 2816 paupertatis,
1189 2754 1310 2804 sicut
1344 2757 1587 2819 plerisque.

119 2818 327 2879 probitas
348 2828 449 2868 erat
475 2838 486 2867 :
525 2820 824 2882 intentusque
858 2822 987 2883 operi
1023 2820 1207 2879 diurno,
1232 2824 1481 2886 strepitum
1517 2843 1590 2873 ar·
1616 2856 1622 2862 ·

122 2897 319 2945 morum,
342 2888 421 2949 qui
444 2895 591 2936 totam
617 2888 778 2935 Asiam
802 2894 1109 2946 concusserat,
1136 2904 1231 2936 non
1266 2891 1558 2941 exaudiebat.

188 2949 277 3000 IV.
310 2954 477 3004 Subito
512 2955 697 3011 deinde,
735 2956 795 3003 de
827 2955 994 3017 quibus
1027 2963 1138 3005 ante
1172 2956 1349 3006 dictum
1385 2967 1456 3007 est
1488 2976 1592 3009 cum

122 3017 278 3080 regiae
320 3022 463 3072 vestis
509 3022 771 3086 insignibus
815 3023 1005 3072 hortum
1051 3023 1246 3081 intrant,
1293 3038 1427 3084 quem
1474 3025 1597 3078 forte
