1721 3200
164 119 192 164 8
538 115 776 174 QUINTI
815 113 1050 162 CURTH
1085 115 1248 164 RUFI

162 252 283 313 ignis
304 252 484 312 fulgore
503 251 730 296 collucere
752 249 795 294 ei
819 248 915 295 visa
936 255 1073 295 sunt:
1101 255 1150 296 et
1171 248 1310 310 paulo
1341 255 1448 309 post
1480 249 1621 299 Alex-
1702 298 1708 311 Ι

163 319 307 365 ender
326 318 494 365 adduci
517 317 575 362 ad
600 317 748 378 ipsum
774 315 822 361 in
846 331 901 362 eo
925 316 1064 363 vestis
1087 315 1251 362 habitu
1275 330 1367 376 quo
1389 314 1488 376 ipse
1508 314 1623 366 fuis-

159 392 231 431 set
250 403 260 431 :
299 401 416 446 equo
440 383 608 429 deinde
631 399 713 444 per
733 382 1019 443 Babylonem
1054 389 1226 438 vectus,
1253 381 1407 427 subito
1429 396 1534 428 cum
1550 382 1621 444 ip-

167 469 217 498 so
241 467 361 512 equo
385 450 530 497 oculis
554 465 653 496 esse
670 449 943 496 subductus.
1012 449 1091 495 Ad
1115 449 1228 494 haec
1251 454 1380 494 vates
1402 448 1529 495 varia
1551 449 1623 496 in·

163 517 496 579 terpretatione
530 533 685 563 curam
721 517 1090 569 distrinxerant;
1128 515 1204 560 alii
1239 513 1410 561 laetum
1446 515 1494 562 id
1526 516 1627 577 regi

166 585 394 630 somnium
430 601 528 630 esse
552 584 784 639 dicebant,
820 583 945 644 quod
979 591 1129 628 castra
1151 581 1353 628 hostium
1388 582 1622 639 arsissent,

165 651 290 712 quod
314 651 651 705 Alexandrum,
689 651 899 711 deposita
933 650 1061 710 regia
1095 655 1237 706 veste,
1273 648 1323 694 in
1357 647 1544 696 Persico
1577 656 1626 696 et

164 719 344 779 vulgari
367 718 533 765 habitu
557 718 836 779 perductum
862 732 961 763 esse
985 715 1193 762 vidisset.
1247 714 1450 771 Quidam
1469 723 1633 764 contra

164 786 513 845 augurabantur
540 802 549 831 :
587 785 759 845 quippe
782 783 980 829 illustria
1004 782 1314 829 Macedonum
1338 789 1489 830 castra
1510 782 1621 840 visa,

165 854 392 913 fulgorem
426 852 696 898 Alexandro
731 851 1043 912 portendere3
1082 865 1219 910 quem
1253 864 1451 910 regnum
1485 849 1624 896 Asiae

164 927 495 981 occupaturum
520 934 630 975 esse,
668 917 794 963 haud
829 917 1089 977 ambigere3
1127 915 1344 977 quoniam
1377 916 1428 962 in
1461 915 1625 963 eodem

163 987 324 1034 habitu
339 986 512 1032 Darius
527 985 701 1041 fuisset,
728 1001 870 1045 quum
889 983 1146 1045 appellatus
1170 989 1289 1030 esset
1313 998 1409 1029 rex.
1478 981 1623 1030 Vete-

165 1070 215 1100 ra
237 1069 421 1115 quoque
445 1053 614 1108 omina,
631 1060 685 1098 ut
707 1053 776 1107 fit,
803 1050 1050 1098 solicitudo
1073 1057 1398 1112 revocaverat:
1426 1048 1626 1096 Darium

164 1122 285 1166 enim
332 1121 380 1166 in
420 1119 648 1181 principio
682 1118 863 1180 imperii
896 1117 1112 1180 vaginam
1158 1116 1356 1163 acinacis
1392 1115 1624 1163 Persicam

157 1188 347 1248 jussisse
382 1187 551 1234 mutari
576 1187 623 1231 in
648 1202 746 1232 eam
771 1186 963 1231 sormam
1000 1200 1092 1245 qua
1133 1183 1303 1230 Graeci
1339 1190 1585 1230 uterentur
1609 1201 1621 1239 ;

160 1256 465 1316 protinusque
502 1253 759 1299 Chaldaeos
793 1252 1138 1313 interpretatos,
1184 1251 1429 1312 imperium
1461 1248 1626 1297 Persa-

165 1338 264 1368 rum
299 1321 358 1368 ad
394 1337 470 1367 eos
503 1320 807 1368 transiturum
843 1334 1040 1380 quorum
1087 1333 1214 1363 arma
1247 1324 1366 1364 esset
1399 1316 1622 1364 imitatus.

167 1390 385 1436 Ceterum
408 1389 519 1449 ipsc,
546 1395 593 1434 et
616 1398 774 1434 vatum
798 1401 1017 1447 responso
1052 1384 1179 1446 quod
1202 1384 1428 1432 edebatur
1450 1383 1500 1429 in
1522 1383 1624 1429 vul-

163 1473 263 1516 gus,
291 1464 338 1503 et
372 1455 522 1517 speeie
545 1470 663 1515 quae
698 1469 778 1514 per
813 1468 1024 1499 somnum
1047 1452 1204 1498 oblata
1226 1458 1339 1508 erat,
1375 1450 1625 1498 admodum

166 1525 328 1578 laetus,
349 1531 499 1569 castra
523 1522 582 1568 ad
608 1521 882 1582 Euphraten
906 1520 1080 1565 moveri
1096 1519 1247 1580 jubet.

234 1588 345 1636 VII.
384 1589 543 1636 Patrio
576 1604 704 1634 more
742 1587 984 1633 Persarum
1021 1586 1245 1632 traditum
1269 1590 1352 1640 est,
1390 1591 1496 1630 orto
1529 1584 1625 1631 sole

168 1658 354 1704 demum
377 1656 643 1718 procedere.
715 1654 807 1701 Die
823 1654 920 1714 jam
945 1653 1130 1709 illustri,
1157 1653 1342 1713 signum
1365 1666 1392 1696 e
1411 1651 1627 1698 taberna-

167 1724 270 1770 culo
296 1724 443 1784 Regis
465 1722 662 1769 buccina
684 1722 899 1768 dabatur.
944 1720 1092 1781 Super
1115 1717 1478 1774 tabernaculum,
1502 1718 1630 1765 unde

167 1793 224 1837 ab
250 1791 462 1837 omnibus
483 1789 684 1850 conspici
706 1795 874 1850 posset,
898 1788 1051 1847 imago
1077 1786 1194 1833 Solis
1218 1783 1435 1846 crystallo
1451 1783 1628 1831 inclusa

169 1859 390 1918 fulgebat.
464 1857 595 1903 Ordo
631 1866 784 1903 autem
809 1854 998 1914 agminis
1023 1859 1124 1899 erat
1147 1852 1269 1899 talis.
1341 1850 1470 1912 Ignis
1492 1866 1630 1912 quem

164 1926 254 1986 ipsi
286 1941 463 1971 sacwm
496 1931 544 1970 et
577 1930 807 1970 aeternum
845 1922 1086 1976 vocabant,
1134 1917 1367 1980 argenteis
1407 1917 1629 1965 altaribus

169 1991 528 2053 praeferebatur.
578 1991 707 2051 Magi
730 1988 928 2051 proximi
951 1987 1152 2048 patrium
1175 2000 1360 2032 carmen
1383 1984 1627 2033 canebant,

172 2059 335 2120 Magos
359 2057 555 2105 trecenti
579 2067 626 2104 et
649 2056 890 2116 sexaginta
913 2054 1118 2115 quinque
1144 2052 1339 2114 juvenes
1373 2051 1628 2113 sequeban-
1683 2050 1694 2061 “

170 2139 262 2183 tur,
310 2125 517 2188 puniceis
552 2124 757 2169 amiculis
792 2121 945 2176 velati,
983 2120 1145 2166 diebus
1178 2119 1323 2167 totius
1357 2118 1467 2165 anni
1498 2134 1633 2180 pares

172 2208 363 2239 numero
388 2209 399 2246 ;
437 2192 607 2253 quippe
632 2190 784 2236 Persis
802 2204 986 2250 quoque
1009 2188 1058 2233 in
1083 2187 1277 2234 totidem
1302 2185 1401 2232 dies
1422 2185 1624 2246 doecrip-

171 2274 247 2305 tus
282 2266 352 2306 aet
375 2275 540 2304 annus.
613 2255 815 2303 Currum
840 2255 1009 2301 deinde
1025 2254 1055 2301 J
1061 2254 1133 2300 ovi
1158 2260 1385 2300 sacratum
1420 2251 1627 2298 albentes

175 2327 402 2373 vehebant
425 2326 532 2385 equi
557 2341 568 2378 ;
606 2324 689 2370 hos
712 2323 907 2370 eximiae
936 2320 1271 2382 magnitudinis
1304 2334 1464 2381 equuS,
1489 2332 1625 2380 quem

173 2393 291 2438 Solis
325 2393 601 2454 apellabant,
650 2390 957 2452 sequebatur3
1018 2404 1184 2434 aureae
1219 2387 1378 2448 virgae
1391 2392 1460 2452 ‘et
1492 2384 1625 2438 albae

170 2466 318 2505 vestes
340 2466 554 2519 regentes
578 2474 720 2519 equos
754 2456 1057 2503 adornabant.
1126 2454 1273 2502 Haud
1304 2451 1467 2515 procul
1498 2458 1634 2499 erant

172 2525 380 2572 vehicula
403 2526 574 2581 decem,
601 2525 748 2572 multo
772 2540 885 2570 auro
904 2532 1193 2584 argentoque
1215 2520 1407 2567 caelata.
1456 2517 1628 2579 Seque-

171 2594 310 2639 batur
332 2591 445 2637 haec
480 2593 712 2652 equitatus
746 2590 990 2637 duodecim
1012 2590 1224 2650 gentium
1255 2585 1391 2632 variis
1412 2584 1550 2631 armis
1582 2589 1630 2630 et
1671 2612 1674 2615 -

172 2659 394 2706 moribus.
440 2657 645 2704 Proximi
668 2659 799 2706 ibant
823 2673 938 2720 quos
959 2656 1126 2702 Persae
1147 2651 1422 2700 immortales
1443 2656 1626 2707 vocant,

173 2727 230 2773 ad
267 2725 426 2772 decem
446 2723 623 2778 millia3
660 2725 813 2771 cultus
847 2722 1110 2785 opulentiae
1142 2719 1366 2766 barbarae
1398 2732 1494 2763 non
1517 2717 1630 2764 alios

175 2792 323 2854 magis
354 2791 631 2838 honestabat
655 2808 665 2844 ;
703 2791 771 2836 illi
804 2805 966 2837 aureos
989 2796 1193 2849 torques,
1217 2784 1286 2831 illi
1307 2790 1482 2861 vegtem
1515 2798 1628 2830 auro

176 2860 443 2907 distinctam
476 2857 726 2913 habebant,
761 2857 1103 2916 manicatasque
1123 2851 1305 2900 tunicas
1327 2851 1522 2912 gemmis
1545 2851 1634 2902 eti·

176 2941 248 2973 am
272 2926 537 2974 adornatas.
609 2921 795 2984 Exiguo
812 2921 1071 2982 intervallo,
1090 2935 1205 2983 quos
1223 2917 1460 2980 cognatos
1484 2915 1634 2979 Regis
