1721 3200
566 120 778 169 LIBER
818 118 1132 167 TERTIUS.
1532 119 1596 167 15

109 259 315 308 militum
337 258 575 322 imposuit.
647 257 775 305 Vota
799 257 973 306 deinde
996 274 1082 321 pro
1108 258 1260 306 salute
1279 261 1496 320 suscepta
1513 273 1595 319 per

110 329 276 376 ludum
322 334 465 391 atque
507 328 655 377 otium
689 327 907 382 reddens,
953 327 1164 376 ostendit
1211 331 1388 389 quanta
1423 325 1596 372 fiducia

112 398 341 445 Barbaros
399 404 654 460 sperneret.
724 396 1008 459 Aesculapio
1064 402 1112 444 et
1162 396 1407 442 Minervae
1458 393 1595 441 ludos

109 466 376 516 celebravit.
449 464 691 530 Spectanti
725 465 922 513 nuntius
956 465 1109 513 laetus
1140 465 1334 512 affertur
1369 479 1427 511 ex
1460 461 1597 510 Hali-

108 551 342 594 carnasso,
380 534 542 582 Persas
578 534 676 582 acie
722 550 749 580 a
793 533 887 581 suis
923 549 1023 581 esse
1058 540 1302 597 superatos
1329 550 1338 580 :
1375 531 1600 596 Myndios

107 620 295 667 quoque
318 609 366 652 et
402 603 607 651 Caunios
642 609 690 651 et
724 602 949 666 pleraque
984 609 1163 651 tractus
1198 601 1297 665 ejus
1332 617 1443 648 suae
1475 600 1600 648 facta

108 672 315 721 ditionis.
410 672 564 736 Igitur
604 671 733 720 edito
781 671 1046 734 spectaculo
1092 671 1294 726 ludicro,
1344 669 1601 732 castrisque

104 741 260 799 motis,
286 748 335 790 et
360 741 563 806 Pyramo
589 757 725 788 amne
747 745 892 803 ponte
919 740 1104 803 junctO,
1132 741 1194 787 ad
1228 741 1393 788 urbem
1418 738 1600 786 Mallon

105 810 357 873 pervenit;
393 811 505 858 inde
540 810 699 858 alteris
725 809 888 857 castris
925 810 987 857 ad
1011 809 1239 873 oppidum
1276 807 1597 856 Castabalum.

33 893 39 904 ·
106 877 180 926 Ibi
215 877 465 927 Parmenio
499 879 600 941 regi
635 879 854 935 occurrit,
893 894 1033 941 quem
1078 878 1384 941 praemiserat
1419 877 1481 924 ad
1517 892 1597 924 ex·

104 948 386 1011 plorandum
409 949 502 997 iter
526 948 686 1004 saltus,
709 964 792 1010 per
817 963 956 1009 quem
981 947 1042 994 ad
1065 948 1231 994 urbem
1251 947 1386 995 Isson
1409 945 1601 993 nomine

106 1017 451 1079 penetrandum
475 1025 592 1064 erat.
663 1017 823 1078 Atque
845 1016 939 1073 ille,
977 1016 1209 1078 angustiis
1233 1015 1334 1079 ejus
1359 1014 1599 1078 occupatis

104 1091 153 1134 et
192 1086 426 1147 praesidio
459 1085 645 1132 modico
679 1085 859 1142 relicto,
900 1084 1034 1131 Isson
1070 1101 1258 1148 quoque
1295 1085 1533 1132 desertam
1567 1099 1593 1129 a

104 1153 326 1202 Barbaris
359 1161 561 1217 ceperat.
634 1154 753 1200 Inde
787 1170 1078 1216 progressus,
1117 1153 1382 1202 deturbatis
1407 1151 1488 1215 qui
1521 1152 1594 1197 in-

104 1222 278 1270 teriora
300 1224 532 1272 montium
557 1223 852 1280 obsidebant,
880 1222 1125 1285 praesidiis
1150 1230 1322 1271 cuncta
1355 1220 1560 1268 firmavit
1585 1238 1594 1267 :

103 1298 427 1355 occupatoque
449 1293 635 1350 itinere,
662 1293 782 1340 sicut
807 1292 948 1355 paulo
984 1298 1096 1340 ante
1132 1291 1313 1341 dictum
1349 1297 1436 1349 est,
1471 1289 1597 1337 idem

104 1368 153 1409 et
177 1366 342 1408 auctor
365 1368 414 1410 et
436 1362 636 1408 nuncius
660 1361 807 1409 venit.

174 1429 338 1477 XVII.
376 1430 511 1478 Isson
542 1431 656 1478 inde
690 1446 774 1478 rex
812 1429 968 1493 copias
1004 1430 1245 1479 admovit:
1283 1428 1368 1476 ubi
1402 1428 1597 1476 consilio

106 1498 284 1556 habito,
313 1504 537 1547 utrumne
559 1499 686 1547 ultra
709 1498 1112 1562 progrediendum
1146 1499 1283 1557 foret,
1323 1514 1385 1545 an
1417 1498 1484 1545 ibi
1519 1513 1602 1560 op-

105 1567 319 1629 periendi
343 1575 500 1616 essent
530 1568 704 1616 milites
729 1569 853 1625 novi,
882 1584 999 1631 quos
1034 1585 1093 1616 ex
1118 1536 1400 1616 Macedonia
1425 1567 1600 1614 adven-

105 1646 208 1684 tare
230 1637 491 1694 constabat,
517 1637 770 1684 Parmenio
787 1653 886 1684 non
909 1637 1054 1685 alium
1075 1637 1232 1685 locum
1249 1636 1427 1701 praelio
1452 1635 1601 1699 aptio·

105 1721 205 1752 rem
230 1721 331 1753 esse
365 1706 622 1754 censebat:
661 1707 833 1769 quippe
868 1706 965 1754 illic
999 1707 1247 1770 utriusque
1282 1706 1406 1769 regis
1442 1705 1598 1768 copias

105 1789 303 1823 numero
337 1774 520 1825 futuras
564 1791 736 1841 pares;
775 1791 922 1841 quum
961 1776 1209 1841 angustiae
1242 1774 1596 1826 multitudinem

104 1860 203 1892 non
236 1853 470 1925 caperent,
496 1847 742 1910 planitiem
767 1847 878 1910 ipsis
912 1863 1195 1927 camposque
1220 1864 1320 1895 esse
1353 1846 1592 1904 vitandos,

107 1914 190 1961 ubi
212 1914 461 1973 circumiri,
488 1917 571 1963 ubi
595 1916 788 1979 ancipiti
812 1916 911 1963 acie
935 1917 1135 1980 opprimi
1158 1922 1386 1980 possent:
1414 1916 1598 1975 timere,

107 1997 170 2030 ne
193 1998 290 2030 non
310 1985 488 2033 virtute
511 1985 717 2034 hostium
742 1986 825 2033 sed
848 1986 1125 2034 lassitudine
1150 2003 1234 2034 sua
1257 1986 1596 2034 vincerentur:

113 2050 282 2099 Persas
326 2060 543 2102 recentes
591 2048 791 2102 subinde
838 2071 1146 2113 successuros,
1191 2055 1230 2102 si
1275 2055 1428 2102 laxius
1474 2060 1599 2104 stare

110 2120 389 2182 potuissent.
479 2123 635 2171 Facile
669 2124 791 2171 ratio
825 2131 923 2171 tam
958 2124 1157 2172 salubris
1193 2124 1376 2172 consilii
1410 2130 1602 2186 accepta

107 2195 179 2236 est
195 2206 206 2244 ;
227 2189 387 2268 itaque
408 2191 533 2240 inter
550 2193 791 2254 angustias
815 2192 962 2242 saltus
979 2193 1164 2241 hostem
1190 2193 1396 2257 opperiri
1411 2192 1593 2240 statuit.

111 2257 262 2306 Erat
249 2274 300 2304 m
323 2261 533 2308 exercitu
555 2261 681 2323 regis
706 2261 881 2309 Sisines
907 2261 1109 2310 Perses:
1149 2262 1389 2326 quondam
1413 2277 1440 2308 a
1463 2277 1598 2324 prae-

111 2335 215 2374 tore
249 2328 388 2390 Aeg)
392 2328 462 2390 pti
495 2329 661 2376 missus
696 2331 758 2377 ad
794 2330 1082 2394 Philippum,
1125 2331 1355 2397 donisque
1390 2335 1439 2378 et
1473 2329 1602 2377 omni

109 2396 289 2451 honore
324 2397 494 2454 cultus,
530 2398 722 2445 exilium
755 2400 909 2462 patria
932 2400 1043 2447 sede
1077 2406 1372 2447 mutaverat:
1411 2404 1600 2447 secutus

112 2464 321 2512 deinde‘
310 2481 358 2511 in
382 2465 546 2512 Asiam
581 2466 921 2526 Alexandrum,
947 2469 1073 2517 inter
1094 2468 1258 2515 fideles
1282 2467 1432 2516 socios
1446 2463 1599 2515 habe-

112 2534 270 2582 batur.
361 2533 490 2581 Huic
544 2535 788 2597 epistolam
837 2537 1076 2586 Cretensis
1122 2536 1254 2583 miles
1301 2536 1599 2600 obsignatam

111 2602 305 2659 annulo,
341 2602 474 2665 cujus
497 2602 685 2666 signum
718 2604 847 2652 haud
882 2622 994 2653 sane
1027 2611 1195 2653 notum
1230 2612 1344 2664 erat,
1382 2605 1597 2654 tradidit.

109 2668 409 2719 Nabarzanes
443 2679 633 2734 praetor
670 2671 805 2720 Darii
840 2675 1030 2722 miserat
1066 2690 1186 2732 eam,
1221 2674 1595 2736 hortabaturque

100 2738 314 2787 Sisinem
347 2749 403 2788 ut
437 2740 636 2804 dignum
671 2741 850 2804 aliquid
883 2742 1132 2792 nobilitate
1165 2759 1219 2791 ac
1252 2744 1460 2791 moribus
1507 2741 1602 2789 suis

112 2807 301 2856 ederet:
350 2825 524 2872 magno
557 2810 609 2857 id
644 2810 686 2858 ei
722 2810 848 2873 apud
884 2811 1069 2874 Regem
1112 2812 1283 2859 honori
1313 2811 1427 2860 fore.
1499 2809 1604 2857 Has

116 2874 274 2924 literas
309 2877 500 2936 Sisines,
536 2884 703 2942 utpote
726 2878 962 2938 innoxius,
1001 2880 1062 2928 ad
1097 2880 1427 2929 Alexandrum
1461 2894 1599 2941 saepe

114 2941 295 2992 deferre
316 2948 545 2996 tentavit:
584 2948 682 3006 sed,
709 2963 855 3012 quum
879 2955 952 2997 tot
985 2950 1109 2997 curis
1132 2955 1455 3013 apparatuque
1487 2946 1601 2995 belli

112 3025 270 3071 regem
293 3014 473 3065 videret
488 3017 662 3079 urgeri,
688 3017 845 3081 aptius
866 3017 1068 3067 subinde
1092 3024 1277 3081 tempus
1301 3021 1595 3080 exspectans,
