1721 3200
486 149 690 203 LIBER
726 149 1066 210 QUARTUS.
1481 152 1542 202 67

86 297 199 341 anta
229 287 377 355 prima
408 288 545 351 signa
576 287 902 336 dimicaturum
931 304 940 333 :
979 286 1212 350 spondere
1247 302 1332 349 pro
1354 302 1405 334 se
1428 298 1542 350 quot

88 357 338 415 cicatrices,
370 355 566 405 totidem
599 355 805 418 corporis
837 354 1040 402 decora:
1074 353 1192 401 scire
1226 353 1362 416 ipsos,
1401 370 1542 401 unum

88 439 235 488 pacm
252 438 305 474 ao
324 422 522 487 praedae
544 423 800 471 communis
822 430 1052 470 exsortem
1071 421 1117 468 in
1136 421 1226 468 illis
1243 421 1448 469 colendis
1470 438 1543 469 or-

90 490 347 553 nandi-qne
366 505 590 553 usurpare
613 489 832 539 victoriae
849 489 1051 551 praemia
1070 505 1081 536 :
1121 489 1253 536 Haec
1277 505 1326 536 se
1349 488 1546 538 sortibus

88 559 201 609 viri·
228 558 411 608 dicere:
449 556 500 607 Si
522 557 600 620 qui
623 556 870 604 dissimiles
904 572 1063 603 eorum
1087 564 1257 611 essent,
1291 556 1372 603 illa
1405 556 1546 604 fuisse

87 626 345 677 didumm:
381 625 641 689 pervenisse
656 640 727 680 eo,
751 624 876 671 unde
898 623 1059 685 sugere
1081 639 1176 670 non
1200 631 1402 685 possent.
1451 623 1548 672 Tot

0 746 2 757 ,
87 702 312 744 terrarum
333 691 482 756 spatia
504 692 713 747 emensis,
739 699 811 740 tot
845 692 1056 738 amnibus
1082 692 1408 751 montibusque
1441 701 1545 753 post

87 770 270 825 tergum
291 758 500 823 obJectis,
535 759 625 807 iter
648 759 697 806 in
733 759 928 821 patriam
961 766 1009 805 et
1044 766 1233 819 penates
1269 774 1406 805 manu
1441 774 1543 806 esse

86 826 363 878 fidendum.
432 825 509 875 Sic
543 826 697 884 duces,
745 826 808 873 sic
855 826 1052 888 proximi
1097 825 1298 874 militum
1337 826 1547 874 instincti

86 902 213 944 aunt.

150 961 257 1011 LV.
293 961 467 1009 Darius
489 960 538 1007 in
562 961 694 1008 laevo
715 975 860 1007 cornu
882 967 983 1007 erat
1008 975 1018 1013 ;
1055 974 1226 1020 magno
1249 976 1437 1009 suorum
1461 977 1545 1023 ag-

86 1028 225 1088 mine,
242 1027 433 1077 delectis
455 1028 662 1089 equitum
685 1027 985 1089 peditumque
1008 1026 1233 1088 stipatus:
1260 1036 1550 1090 contempse-

86 1103 252 1160 ratque
284 1095 563 1159 paucitatem
608 1094 784 1149 hostis5
822 1109 986 1140 vanam
1021 1094 1164 1141 aciem
1199 1110 1312 1150 esse,
1337 1096 1551 1144 extentis

85 1162 317 1221 cornibus,
342 1170 489 1211 ratus.
548 1162 783 1217 Ceterum,
808 1161 928 1209 sicut
951 1176 1088 1207 curru
1112 1161 1360 1218 eminebat,
1386 1164 1553 1211 dextra

85 1230 307 1294 lav-que
339 1229 400 1278 ad
432 1229 831 1277 circumstantium
877 1228 1063 1290 agmina
1104 1229 1261 1276 oculos
1297 1245 1553 1293 manusque

83 1296 431 1347 dmumferens:
469 1300 483 1323 ‘
506 1295 786 1352 Terrarum‚’
819 1296 988 1358 inquit,
1014 1299 1158 1357 ‘quas
1194 1295 1410 1345 Oceanus
1444 1298 1552 1345 hinc

61 1363 235 1423 alluit,
248 1364 377 1413 illinc
393 1364 569 1412 claudit
585 1363 931 1425 Hellespontus,
957 1363 1096 1425 paulo
1118 1371 1227 1411 ante
1249 1363 1440 1421 domini,
1453 1364 1552 1427 jam

88 1447 183 1481 non
203 1431 266 1480 de
284 1432 448 1494 gloria,
474 1431 556 1478 sed
579 1431 638 1478 de
661 1431 825 1485 salute,
850 1438 912 1488 et,
938 1430 1064 1492 quod
1088 1430 1227 1478 saluti
1250 1433 1549 1494 praeponitis.

0 1546 6 1551 ,
87 1499 149 1548 de
179 1499 399 1548 libertato
428 1497 733 1562 pugnandum
765 1507 852 1545 est.
923 1496 1016 1544 llic
1040 1496 1139 1544 dies
1173 1497 1430 1559 imperium,
1456 1515 1550 1562 quo

87 1566 424 1629 null-mplius
442 1566 559 1614 vidit
579 1574 720 1621 aetas,
739 1572 821 1612 aut
844 1564 1112 1621 constituet,
1123 1572 1203 1611 aut
1223 1564 1370 1613 finiet.
1407 1565 1551 1630 Apud

92 1633 346 1682 Granicum
369 1633 558 1680 minima
581 1633 746 1679 virium
782 1642 914 1695 parte
937 1648 1042 1679 cum
1067 1631 1199 1680 hoste
1232 1634 1513 1681 certavimus
1539 1652 1548 1681 z

95 1700 147 1749 in
180 1699 341 1749 Cilicia
372 1700 518 1748 victos
544 1699 678 1762 Syria
710 1707 893 1761 poterat
927 1698 1167 1761 excipere:
1205 1715 1375 1760 magna
1397 1703 1549 1748 muni-
1581 1737 1591 1751 .

93 1773 250 1816 monta
266 1767 398 1830 regni
417 1766 573 1828 Tigris
595 1778 735 1828 atque
756 1765 1017 1827 Euphrates
1037 1775 1189 1814 erant.
1260 1766 1464 1816 Ventum
1484 1779 1553 1817 est

91 1850 163 1892 eo,
199 1834 324 1882 unde
347 1833 489 1897 pulsis
513 1849 572 1880 ne
594 1833 730 1895 fugae
753 1833 938 1896 quidem
963 1833 1090 1880 locus
1108 1840 1192 1881 est.
1264 1833 1437 1882 Omnia
1459 1843 1553 1883 tam

87 1900 272 1951 diutino
306 1901 428 1950 bello
460 1900 686 1949 exhausta
719 1907 824 1963 post
859 1910 1043 1962 tergum
1079 1908 1224 1953 sunt:
1263 1917 1356 1947 uon
1380 1902 1555 1950 incolas

92 1983 203 2017 auos
222 1968 389 2025 urbes;
415 1984 507 2016 non
526 1968 727 2016 cultores
741 1968 915 2015 habent
939 1975 1108 2016 terrae.
1179 1968 1416 2030 Conjuges
1439 1986 1553 2032 quo-

95 2050 187 2098 que
217 2043 267 2085 et
299 2035 432 2084 liberi
465 2043 723 2098 sequuntur
768 2035 887 2082 hanc
931 2035 1088 2090 aciem,
1139 2044 1299 2098 parata
1346 2036 1557 2085 hostibus

95 2101 281 2164 praeda,
316 2102 404 2150 nisi
428 2118 512 2166 pro
543 2102 788 2150 carissimis
821 2103 1094 2166 pignoribus
1128 2118 1324 2165 corpora
1357 2107 1552 2167 opponi·

97 2185 214 2218 mus.
283 2168 427 2227 Quod
470 2184 673 2217 mearum
716 2169 806 2218 fuit
851 2170 1066 2233 partium,
1114 2170 1386 2228 exercitum,
1419 2188 1557 2234 quem

98 2251 246 2300 paene
261 2236 484 2284 immensa
505 2235 717 2299 planities
739 2237 815 2285 vix
838 2244 1037 2300 caperet,
1062 2238 1322 2300 comparavi
1344 2255 1354 2284 :
1393 2254 1552 2301 equos,

96 2318 224 2351 arma
247 2302 492 2351 distribui:
517 2311 811 2363 commeatus,
838 2320 897 2352 nc
920 2311 1079 2353 tantae
1113 2304 1402 2352 multitudini
1426 2305 1557 2354 dees-

98 2378 218 2430 sent,
243 2370 452 2434 providi:
477 2369 645 2429 locum,
668 2370 718 2419 in
733 2387 827 2434 quo
845 2372 964 2420 acies
987 2371 1205 2434 explicari
1222 2379 1393 2434 posset,
1416 2372 1552 2436 elegi.

99 2436 268 2487 Cetera
300 2438 351 2485 in
385 2445 537 2486 vestra
569 2444 798 2500 potestate
819 2447 931 2487 sunt
955 2455 965 2486 z
1001 2437 1170 2486 audete
1197 2438 1336 2486 modo
1354 2438 1555 2495 vincere,

98 2504 374 2568 famamque,
409 2504 768 2553 infirmissimum
803 2506 1023 2554 adversus
1058 2504 1200 2553 fortes
1236 2506 1359 2553 viros
1397 2506 1556 2562 telum,

97 2573 397 2623 contemnite.
490 2570 747 2621 Temeritas
789 2582 874 2632 est,
910 2588 1047 2635 quam
1082 2571 1234 2620 adhuc
1267 2587 1353 2636 pro
1386 2574 1559 2624 virtute

100 2637 336 2697 timuistis,
360 2654 480 2702 quae
498 2638 576 2687 ubi
599 2638 796 2703 primum
820 2639 1043 2703 impetum
1066 2638 1244 2696 effudit,
1271 2639 1400 2690 velut
1417 2658 1558 2705 quac·

102 2703 212 2756 dam
244 2707 461 2756 animalia
487 2705 654 2754 amisso
672 2706 848 2763 aculeo,
873 2713 1042 2769 torpet.
1089 2704 1159 2755 Hi
1181 2722 1292 2756 vero
1313 2710 1464 2772 campi
1479 2709 1558 2756 de·

99 2763 386 2835 madere
409 2773 702 2837 paucitatem,
724 2789 865 2837 quam
890 2773 1081 2822 Ciliciae
1101 2781 1285 2823 montes
1306 2775 1560 2823 absconde-

103 2845 244 2893 nu:
279 2840 449 2891 videtis
482 2840 672 2889 ordines
718 2855 860 2899 raros,
907 2855 1083 2889 cornua
1112 2847 1320 2898 extenta,
1362 2841 1560 2890 mediam

100 2903 249 2960 td·
279 2923 447 2958 vanam
478 2916 528 2958 et
560 2906 868 2965 exhaustam3
904 2923 1011 2956 nm
1050 2907 1218 2967 ultimi,
1241 2924 1358 2972 quos
1389 2908 1563 2960 locavit

104 2985 303 3037 avenn,
336 2981 472 3042 terga
493 2975 595 3040 jam
627 2975 869 3040 praebem-
937 2973 1105 3027 obteri
1138 2974 1401 3025 mehercule
1421 2990 1564 3040 equo·
