1721 3200
554 187 797 247 QUINTI
834 186 1075 236 cmvrn
1108 187 1290 238 RUFI.
1591 194 1656 242 89

181 324 371 389 navigia
391 324 595 374 classicis
616 324 790 380 cessit3
825 323 1113 386 appulsaque
1145 329 1257 372 sunt
1276 322 1420 381 litori,
1454 323 1657 376 lacerata

215 394 311 441 lcra
346 407 405 441 ue
920 407 924 411 ·

181 410 214 457 p
250 409 393 509 quv.
429 460 599 508 lisdem
623 458 789 507 diebus
810 458 932 507 sorte
948 457 1381 519 Carthaginensium
1406 459 1549 521 legati
1568 462 1653 508 tri-

179 527 316 589 ginta
338 527 690 591 superveniunt,
716 525 866 587 majus
898 526 1097 573 obsessis
1118 526 1352 582 solatium,
1373 543 1510 588 quam
1536 543 1649 576 aux·

180 596 310 643 ilium
334 611 349 651 ς
383 597 557 659 quippe
577 594 837 641 domestico
859 593 983 640 bello
1004 593 1187 640 Poenos
1209 594 1440 656 impediri,
1471 611 1558 644 nec
1591 595 1654 644 de

177 662 387 725 imperio,
413 664 495 710 sed
519 678 608 726 pro
639 661 789 708 salute
822 661 1043 708 dimicare
1077 661 1380 709 nunciabant.
1452 662 1653 724 Syracu·

179 730 279 777 sani
300 737 418 778 tune
452 730 656 777 Africam
680 729 894 786 urebant,
921 736 969 776 ct
1003 728 1128 775 haud
1153 729 1313 791 procul
1352 729 1655 791 Carthaginis

177 797 325 844 tauris
357 797 624 845 locaverant
657 805 827 844 castra.
896 796 1006 843 Non
1042 803 1204 843 tamen
1240 796 1453 843 defecere
1486 799 1652 846 animis

180 864 327 927 Tyrii,
345 880 622 928 quamquam
644 865 704 911 ab
721 864 902 925 ingenti
916 880 998 927 spe
1020 863 1237 912 destituti
1261 873 1410 920 erant,
1434 866 1513 912 sed
1538 881 1649 914 con-

168 931 311 995 juges
343 931 606 995 liberosque
639 931 936 978 devehendos
971 931 1304 992 Carthaginem
1337 932 1654 991 tradiderunt,

176 999 342 1048 fortius
364 999 594 1063 quidquid
630 999 860 1047 accideret
884 999 1038 1055 laturi,
1059 999 1114 1054 si,
1132 999 1414 1046 carissimam
1447 1001 1519 1046 sui
1543 1017 1650 1062 par-

174 1077 270 1113 tem
285 1074 421 1114 extra
441 1067 699 1114 eommunis
722 1066 915 1129 periculi
939 1074 1113 1113 sortem
1137 1065 1427 1115 habuissent.
1465 1068 1648 1125 Quum-

172 1149 267 1196 que
288 1149 412 1182 unus
432 1150 459 1181 e
481 1134 661 1182 civibus
683 1134 896 1180 concioni
922 1134 1188 1190 iudicasset,
1215 1134 1418 1181 oblatam
1443 1151 1543 1182 esse
1565 1153 1651 1199 per

172 1215 390 1249 somntun
413 1202 502 1249 sibi
535 1202 732 1263 speeiem
771 1200 1018 1263 Apollinis,
1044 1217 1182 1263 quem
1218 1202 1388 1248 eximia
1421 1202 1648 1265 religione

171 1268 394 1326 oolerent,
431 1269 595 1316 urbem
631 1269 906 1332 deserentis,
948 1268 1210 1331 molemque
1243 1269 1647 1329 aMaccdonibus

161 1335 339 1398 juetam
382 1338 432 1384 in
479 1337 576 1383 salo
621 1336 671 1383 in
717 1335 989 1397 sylvestrem
1033 1335 1203 1383 saltum
1238 1353 1337 1383 esse
1383 1346 1643 1391 mutatam:

167 1418 447 1468 quamquam
472 1411 635 1451 auctor
658 1404 771 1450 levis
786 1411 903 1460 erat,
930 1414 1087 1450 tamen
1110 1403 1170 1449 ad
1193 1403 1428 1451 deteriora
1450 1406 1644 1454 creden-

166 1470 231 1518 da
262 1472 398 1534 proni
443 1482 586 1527 metu,
634 1487 775 1517 aurea
821 1478 985 1518 eatena
1031 1470 1285 1517 devinxere
1329 1471 1642 1532 simulacrum,

168 1530 370 1602 araeque
403 1538 639 1594 Herculis,
675 1539 808 1599 eujus
844 1538 1025 1584 numini
1063 1538 1223 1584 urbem
1247 1538 1533 1598 dicaverant,
1569 1543 1645 1588 in-

167 1619 354 1653 seruere
387 1607 640 1660 vinculum,
689 1606 818 1667 quasi
855 1606 936 1652 illo
971 1605 1061 1651 deo
1094 1606 1361 1666 Apollinem
1397 1609 1640 1658 retenturi.

167 1671 411 1735 Syracusis
433 1674 481 1719 id
517 1674 812 1720 simulacrum
838 1673 1124 1720 devexerant
1152 1673 1296 1720 Poeni
1321 1682 1367 1721 et
1393 1674 1442 1721 in
1466 1677 1643 1738 majore

167 1739 433 1788 locaverant
451 1741 601 1804 patria
622 1758 632 1787 ε
670 1740 921 1802 multisque
944 1740 1045 1787 aliis
1069 1741 1228 1802 spoliis
1245 1742 1431 1788 urbium
1455 1755 1645 1794 asemet

164 1815 420 1870 captarum,
447 1824 542 1854 non
579 1807 913 1868 Carthaginem
950 1808 1097 1869 magis
1121 1823 1260 1869 quam
1288 1808 1326 1854 T
1328 1825 1465 1873 yrum
1502 1827 1640 1860 orna-

166 1882 344 1923 vmut.

230 1934 338 1990 va
375 1942 568 1990 Sacrum
587 1959 787 2006 quoque.
816 1942 939 2004 quod
967 1942 1153 2003 quidem
1179 1943 1268 1991 diis
1289 1945 1478 1993 minime
1500 1949 1634 1996 cordi

164 2023 264 2056 esse
302 2010 594 2067 crediderim,
631 2010 790 2057 multis
837 2010 1002 2056 seculis
1047 2010 1360 2059 intermissum
1393 2017 1636 2076 repetendi

164 2082 381 2123 auctores
402 2077 591 2139 quidam
617 2086 766 2133 erant,
785 2086 838 2124 ut
863 2078 1095 2138 ingenuus
1113 2093 1229 2139 puer
1246 2079 1451 2128 Saturno
1474 2082 1637 2131 immo·

165 2143 379 2199 latetur:
417 2145 563 2207 (quod
598 2145 888 2204 saerilegium
926 2145 1078 2191 verius
1113 2161 1253 2208 quam
1287 2163 1483 2206 sacrum,
1523 2151 1639 2197 Car·

162 2210 464 2272 thaginenses
487 2228 514 2258 a
538 2213 858 2260 conditoribus
883 2212 1124 2270 traditum,
1149 2229 1296 2277 usque
1318 2214 1377 2261 ad
1403 2217 1636 2265 excidium

163 2276 292 2325 urbis
313 2294 437 2333 suae,
462 2280 624 2327 teeisse
639 2279 882 2342 dicuutur)
903 2296 970 2335 ac,
999 2280 1086 2327 nisi
1109 2282 1314 2330 seniores
1330 2283 1635 2343 obstitissent,

163 2360 363 2408 quorum
397 2346 592 2393 consilio
636 2355 806 2395 (anneta
853 2348 1127 2408 agebantur,
1163 2347 1499 2398 humanitatem
1534 2351 1640 2400 dira

163 2413 434 2475 superstitio
491 2414 692 2462 vicisset.
785 2414 1021 2469 Ceterum,
1069 2417 1299 2463 efficacior
1344 2418 1471 2465 omni
1533 2426 1636 2469 arte

164 2481 430 2537 necessitas,
466 2496 560 2527 non
607 2482 780 2529 usitata
819 2481 961 2529 modo
993 2482 1236 2544 praesidia,
1285 2483 1366 2531 sed
1407 2487 1635 2547 quaedam

161 2546 303 2595 etiam
350 2563 473 2595 nova
519 2549 744 2596 admovit.
812 2548 1027 2611 Namque
1073 2549 1134 2595 ad
1178 2551 1460 2612 implicanda
1505 2556 1637 2603 navi-

161 2613 255 2676 εἰ,
297 2630 419 2678 quae
463 2631 620 2663 muros
654 2616 886 2669 subibant,
925 2617 1090 2663 validis
1123 2618 1353 2666 asseribus
1386 2635 1551 2670 corvos
1585 2632 1634 2671 et

163 2679 336 2729 fureas
392 2698 557 2731 manus
599 2681 727 2747 [eum
775 2683 907 2729 uncis
941 2699 996 2731 ac
1039 2683 1259 2749 falcibus]
1308 2685 1630 2750 alligaverant,

164 2755 234 2802 ut.
269 2763 414 2812 quum
438 2758 674 2798 tormento
697 2765 873 2797 asseres
896 2751 1250 2812 promovissent„
1275 2754 1431 2802 subito
1467 2755 1634 2806 laxatis

163 2811 357 2865 Mlius
394 2817 661 2881 injicerent.
748 2817 868 2864 Unci
904 2832 1091 2880 quoquc
1124 2826 1173 2867 et
1204 2818 1346 2868 falces
1375 2837 1436 2870 ex
1467 2823 1632 2871 iisdem

160 2875 393 2932 aul-itm
412 2885 747 2949 dependentes,
771 2894 853 2933 aut
872 2894 1256 2947 propugnatores,
1280 2895 1365 2937 aut
1385 2889 1485 2951 ipsa
1501 2891 1630 2938 nm*-

159 2946 250 3007 giar
260 2944 548 3002 lacerabant.
618 2953 821 3017 clypeos
845 2967 957 2999 vero
989 2967 1155 3002 aereoa
1171 2953 1325 3003 multo
1346 2957 1458 3017 igne
1479 2964 1628 3005 torre-

159 3012 294 3071 bant,
317 3029 448 3079 qaas,
471 3020 674 3084 repletos
707 3019 889 3069 fervida
919 3033 1062 3067 arena
1082 3033 1340 3085 coenoque*
1356 3024 1568 3081 decocto.
1602 3042 1631 3076 a
