1721 3200
29 184 112 228 44>
466 182 673 230 LIBER
711 181 1058 239 QUARTUS.

29 318 311 367 Macedonas
330 315 593 374 trahebant,
613 333 774 366 rursus
788 319 1063 382 Apollonidi
1079 325 1126 367 et
1137 318 1496 382 ,Athanagoraav

30 403 216 434 suarum
263 384 463 446 partium
507 384 635 441 viris,
676 387 837 432 urbem
884 403 990 434 cum
1034 385 1218 434 modico
1262 387 1511 450 praesidio·

27 454 224 501 militum
251 451 411 500 tradit.
483 450 707 500 Praefecti
731 453 990 500 Alexandri
1008 454 1057 500 in
1093 453 1333 501 obsidione
1367 455 1496 501 urbis

29 519 414 583 perseverabant:
450 534 547 566 non
570 526 665 567 tam
689 520 784 566 suis
807 521 997 577 viribus,
1025 536 1162 583 quam
1186 520 1390 583 ipsorum
1415 521 1496 582 qui

34 587 367 634 obsidebantur
402 587 661 634 voluntate.
730 587 834 634 Nec
866 588 1029 635 fefellit
1065 588 1257 650 opini03
1296 604 1497 649 namque

29 653 151 702 inter
176 654 504 716 Apollonidem
531 662 578 701 et
602 655 742 700 duces
767 655 966 718 militum
991 662 1094 702 orta
1116 654 1299 713 seditio,
1326 655 1494 701 irrum-

28 722 169 783 pendi
189 722 235 767 in
256 722 418 767 urbem
443 722 732 768 occasionem
758 722 906 769 dedit.
979 722 1232 783 Quumque
1255 729 1391 784 porta
1424 722 1492 768 ef·

29 789 175 836 fracta
198 789 363 836 cohors
390 788 701 835 Macedonum
726 789 957 845 intrasset,
985 789 1221 852 oppidani,
1249 789 1358 836 olim
1382 803 1495 835 con·

27 857 128 903 silio
148 856 428 917 proditionis
448 856 641 917 agitato,
663 864 925 917 aggregant
951 873 997 903 se
1016 856 1308 919 Amphotero
1330 862 1379 905 et
1394 855 1495 902 He-

26 924 248 984 gelocho;
274 923 611 984 Persarumque
635 924 866 984 praesidio
886 940 1032 980 caeso,
1048 923 1372 971 Pharnabazus
1389 939 1495 970 cum

30 992 312 1055 Apollonide
336 998 383 1038 et
407 990 714 1051 Athanagora
747 992 892 1038 vincti
927 991 1179 1038 traduntur
1203 1008 1215 1048 ;
1252 990 1496 1043 duodecim

31 1063 237 1107 triremes
263 1075 365 1106 cum
393 1074 475 1104 suo
499 1058 646 1105 milite
671 1074 723 1104 ac
748 1058 923 1118 remige
946 1093 958 1114 ‚
996 1063 1180 1120 praeter
1203 1074 1278 1105 eas
1300 1057 1498 1119 triginta

30 1130 189 1175 inanes
225 1137 272 1174 et
313 1125 494 1187 piratici
541 1125 694 1183 lembi,
747 1125 1125 1187 Graecorumque
1160 1127 1252 1173 tria
1290 1125 1434 1172 millia
1471 1140 1498 1171 a

33 1195 184 1242 Persis
207 1193 418 1240 mercede
442 1192 692 1239 conducta.
761 1191 851 1238 His
875 1192 923 1237 in
948 1192 1320 1254 supplementum
1343 1191 1497 1254 copia-

27 1279 130 1310 rum
178 1277 381 1310 suarum,
405 1259 679 1315 distributis,
728 1258 981 1321 piratisque
1037 1259 1262 1322 supplicio
1299 1259 1487 1315 affectis,

29 1331 236 1393 captivos
259 1327 459 1388 remiges
477 1326 688 1388 adjecere
712 1326 844 1373 classi
869 1342 995 1373 suae.

95 1397 254 1444 XXII.
295 1394 435 1441 Forte
460 1393 753 1441 Aristonicus
778 1393 1216 1455 Methymnaeorum
1251 1400 1494 1456 tyrannus,

26 1481 130 1513 cum
153 1463 358 1527 piraticis
393 1461 600 1517 navibuS,
639 1461 828 1522 ignarus
853 1461 1058 1507 omnium
1084 1475 1202 1522 quae
1235 1461 1295 1508 ad
1319 1459 1489 1507 Chium

29 1539 131 1582 acta
165 1537 312 1585 erant,
349 1528 497 1591 prima
531 1528 688 1589 vigilia
723 1528 781 1574 ad
805 1537 968 1590 portus
1001 1528 1202 1575 claustra
1236 1527 1492 1574 successit:

29 1602 437 1660 interrogatusque
462 1613 488 1642 a
512 1596 795 1651 custodibus,
817 1596 917 1655 quis
937 1602 1069 1650 esset,
1093 1595 1410 1642 Aristonicum
1433 1594 1495 1640 ad

30 1668 383 1719 Pharnabazum
408 1663 566 1710 venire
594 1663 853 1725 respondit.
920 1662 993 1708 Illi
1018 1662 1370 1709 Pharnabazum
1394 1662 1500 1723 qui·

31 1738 135 1782 dem
153 1733 253 1796 jam
278 1732 512 1793 quiescere
536 1736 584 1778 et
608 1747 701 1777 non
728 1746 858 1791 posse
883 1739 983 1777 tum
1008 1729 1140 1787 adiri,
1180 1736 1384 1777 ceterum
1403 1744 1491 1790 ‚pa-

31 1810 130 1850 tere
154 1801 283 1848 socio
303 1811 442 1858 atque
465 1798 635 1860 hospiti
664 1806 866 1860 portum,
894 1804 941 1844 et
965 1804 1152 1858 postero
1177 1797 1252 1844 die
1287 1796 1503 1845 Pharna-—

27 1872 131 1917 bazi
167 1868 343 1930 copiam
367 1866 467 1912 fore
490 1866 734 1912 affirmant.
807 1865 907 1910 Nec
931 1864 1164 1911 dubitavit
1196 1863 1494 1911 Aristonicus

28 1939 204 2001 primus
237 1936 440 1988 intrare3
480 1933 625 1980 secut-i
650 1940 759 1978 sunt
795 1932 959 1977 ducem
995 1930 1176 1992 piratici
1212 1929 1387 1986 lembi3
1424 1943 1499 1985 ac,

31 2005 142 2052 dum
168 2003 403 2064 ‘applicant
427 2000 614 2061 navigia
638 1998 863 2061 crepidini
887 2005 1061 2059 portus,
1088 1997 1304 2058 objicitur
1327 2013 1354 2043 a
1377 1996 1496 2058 vigi·

29 2073 150 2120 libus
174 2071 425 2117 claustrum
453 2084 462 2113 :
501 2077 549 2114 et
583 2067 660 2127 qui
697 2065 892 2128 proximi
918 2066 1225 2122 excubabant,
1249 2065 1309 2111 ab
1330 2063 1494 2113 iisdem

32 2139 331 2191 excitantur;
369 2135 587 2195 nulloque
624 2150 680 2185 ex
714 2133 783 2178 his
818 2148 927 2178 auso
963 2132 1238 2193 repugnare,
1276 2131 1491 2178 omnibus

32 2213 224 2254 catenae
241 2202 438 2265 injectae
460 2208 594 2248 sunt:
624 2200 913 2261 Amphotero
933 2199 1103 2246 deinde
1126 2198 1494 2260 Hegelochoque

34 2273 297 2322 traduntur.
370 2268 497 2315 Hinc
522 2268 799 2314 Macedones
816 2267 1038 2314 transiere
1055 2266 1328 2329 Mitylenen,
1355 2280 1494 2327 quam

35 2342 208 2388 Chares
235 2335 537 2385 Atheniensis
571 2350 718 2397 nuper
742 2344 1027 2395 occupatam,
1066 2333 1263 2380 duorum
1287 2331 1492 2393 ,millium

37 2408 277 2454 Persarum
302 2403 532 2468 praesidio
566 2403 787 2455 tenebat3
825 2401 904 2448 sed
930 2417 1073 2462 quum
1097 2400 1383 2447 obsidionem
1418 2405 1489 2444 to·

34 2477 181 2521 lerare
203 2488 298 2519 non
323 2478 491 2534 posset,
519 2471 632 2516 urbe
657 2469 843 2522 tradita,
866 2476 1027 2528 pactus
1051 2474 1105 2515 ut
1127 2466 1347 2515 incolumi
1369 2464 1497 2511 abire

35 2542 210 2597 liceret,
258 2540 464 2586 Imbrum
500 2537 635 2599 petit.
724 2535 909 2582 Deditis
953 2535 1233 2585 Macedones
1276 2546 1494 2594 peperce-

39 2613 164 2656 runt.

106 2672 292 2720 xxm.
331 2672 376 2718 6.
415 2672 600 2730 Darius,
637 2671 879 2731 desperata
915 2684 1026 2731 pace
1048 2684 1185 2728 quam
1218 2681 1300 2728 per
1333 2665 1491 2713 literas

35 2745 307 2804 legatosque
339 2739 576 2800 impetrari
611 2754 742 2800 posse
789 2736 1062 2792 crediderat,
1112 2734 1172 2781 ad
1215 2731 1494 2793 reparandas

38 2809 158 2858 vires
179 2806 446 2866 bellumque
479 2806 674 2867 impigre
697 2803 1014 2850 renovandum
1048 2799 1252 2848 intendit
1274 2798 1494 2846 animum.

38 2878 198 2927 Duces
234 2887 345 2933 ergo
381 2871 612 2933 copiarum
648 2870 952 2933 Babyloniam
987 2866 1261 2920 convenire;
1302 2865 1494 2912 Bessum

40 2957 225 3007 quoque
249 2939 601 2988 Bactrianorum
627 2939 808 2994 ducem,
833 2951 970 2997 quam
994 2933 1193 2981 maximo
1226 2940 1380 2994 posset
1414 2948 1495 2980 ex·-

36 3011 181 3061 ercitu
199 3013 375 3067 coacte,
394 3006 672 3053 descendere
691 3005 750 3051 ad
774 3020 822 3052 se
838 3003 988 3064 jubet.
1059 3000 1179 3048 Sunt
1202 3007 1354 3050 autem
1378 2998 1500 3057 Baos
