1721 3200
183 154 245 201 34
617 156 823 204 LIBER
860 156 1192 215 QUARTUS.

184 289 484 337 Macedoniae
516 290 748 353 praefecto
781 292 1071 340 moliebatur.
1141 287 1399 351 Cretenses,
1433 293 1518 340 has
1560 298 1641 340 aut

181 357 283 403 illas
305 364 459 418 partes
482 359 642 415 secuti,
658 375 783 406 nunc
809 359 1159 422 Spartanorum,
1182 376 1308 407 nunc
1333 360 1641 408 Macedonum

182 424 419 484 praesidiis
454 426 817 487 occupabantur.
889 427 981 474 Sed
1017 427 1190 474 leviora
1221 427 1346 474 inter
1377 427 1482 474 illos
1513 425 1642 472 fuere

184 491 449 538 discrimina
473 508 483 539 :
521 507 665 539 unum
688 501 936 550 certamen,
972 510 1030 541 ex
1053 509 1144 555 quo
1167 500 1323 542 cetera
1352 494 1640 558 pendebant,

186 558 398 605 intuente
420 559 625 607 fortuna.

251 623 360 671 VII.
396 626 442 673 2.
477 627 586 674 Jam
620 633 721 676 tota
756 627 904 691 Syria,
923 628 1022 690 jam
1060 628 1296 676 Phoenice
1328 643 1527 691 quoque,
1563 641 1643 673 ex—

182 697 315 753 cepta
340 693 483 754 Tyro,
520 695 829 742 Macedonum
853 703 1012 743 erant:
1048 696 1343 757 habebatque
1375 712 1459 743 rex
1491 699 1642 742 castra

184 760 234 804 in
268 760 541 819 continenti,
578 778 606 808 a
638 778 728 823 qua
761 764 922 809 urbem
956 770 1206 824 angustum
1235 763 1408 811 fretum
1440 760 1638 809 dirimit.

187 826 354 888 Tyrus,
391 836 438 875 et
472 829 681 879 claritate
714 837 762 877 et
795 845 903 891 mag
926 830 1141 877 nitudine
1175 837 1285 878 ante
1317 846 1476 878 omnes
1508 829 1645 875 urbes

190 893 352 956 Syriae
389 894 734 956 Phoenicesque
773 897 1098 954 memorabilis,
1155 898 1333 944 facilius
1381 898 1650 945 societatem

193 961 454 1008 Alexandri
477 971 724 1026 acceptura
746 965 1009 1020 videbatur,
1038 980 1177 1026 quam
1201 964 1460 1027 imperium.
1484 963 1654 1025 {Coro-

185 1045 293 1075 nam
313 1030 459 1091 igitur
483 1047 668 1077 auream
703 1032 846 1092 legati
869 1032 1043 1078 donum
1067 1033 1320 1079 afferebant
1342 1036 1645 1079 commeatus-

184 1112 273 1157 que
310 1097 442 1158 large
486 1105 533 1146 et
574 1099 864 1160 hospitaliter
899 1115 956 1145 ex
990 1100 1162 1160 oppido
1196 1100 1493 1146 advexerant.
1561 1097 1648 1144 Ille

185 1164 322 1220 dona,
349 1172 403 1211 ut
427 1165 485 1211 ab
509 1166 679 1223 amicis,
701 1166 846 1227 accipi
862 1166 1015 1227 jussit,
1033 1166 1324 1227 benigneque
1340 1167 1521 1228 legatos
1534 1164 1647 1212 allo-

190 1237 339 1288 cutus,
376 1231 584 1288 Herculi,
620 1248 755 1292 quem
791 1234 1035 1295 praecipue
1061 1234 1193 1296 Tyrii
1219 1234 1440 1292 colerent,
1476 1231 1648 1280 sacrifi-

187 1313 290 1344 care
313 1299 431 1345 velle
455 1316 502 1346 se
537 1300 692 1347 dixit:
731 1300 1041 1347 Macedonum
1072 1316 1205 1362 reges
1239 1301 1440 1358 credere,
1477 1301 1536 1347 ab
1567 1299 1649 1345 illo

187 1366 274 1411 deo
298 1366 422 1427 ipsos
455 1383 603 1428 genus
637 1367 835 1414 ducere:
875 1384 923 1414 se
957 1384 1080 1424 vero,
1117 1374 1171 1415 ut
1204 1369 1255 1414 id
1287 1369 1474 1424 faceret,
1509 1367 1649 1415 etiam

186 1433 372 1479 oraculo
407 1434 649 1482 monitum.
737 1434 905 1496 Legati
949 1435 1248 1496 respondent,
1284 1451 1382 1482 esse
1423 1434 1648 1496 templum

185 1499 404 1548 Herculis
427 1508 559 1549 extra
593 1502 768 1559 urbem,
793 1503 842 1548 in
878 1518 931 1548 ea
954 1503 1063 1549 sede
1085 1517 1223 1563 quarn
1260 1502 1540 1565 Palaetyron
1562 1501 1650 1562 ipsi

177 1576 376 1615 vocent:
413 1568 479 1615 ibi
517 1585 679 1630 regem
716 1569 804 1616 deo
841 1586 1026 1615 sacrum
1060 1570 1150 1617 rite
1194 1570 1439 1617 facturum.
1530 1567 1645 1614 Non

187 1635 339 1693 tenuit
372 1635 488 1682 iram
520 1636 804 1694 Alexander,
831 1637 962 1697 cujus
986 1637 1190 1697 alioquin
1211 1644 1378 1699 potens
1401 1652 1497 1683 non
1530 1641 1646 1682 erat.

190 1706 201 1725 ‘
227 1701 391 1762 Itaque
409 1719 490 1749 vos
511 1703 727 1764 quidem,'
761 1704 926 1764 inquit,
955 1707 968 1729 ‘
985 1704 1154 1750 fiducia
1176 1703 1280 1759 loci,
1306 1703 1431 1764 quod
1452 1701 1648 1749 insulam

191 1769 395 1816 incolitis
419 1771 682 1832 pedestrem
721 1771 847 1818 hunc
871 1772 1124 1818 exercitum
1147 1771 1361 1833 spernitis
1381 1788 1392 1817 :
1417 1770 1499 1817 sed
1520 1769 1650 1815 brevi

187 1837 443 1894 ostendam,
468 1838 519 1883 in
553 1838 813 1886 continenti
836 1854 917 1885 vos
941 1854 1055 1885 esse.
1127 1838 1331 1884 Proinde
1353 1837 1507 1884 sciatis
1524 1836 1647 1892 licet,

189 1911 270 1951 aut
301 1904 583 1952 intraturum
616 1922 691 1951 me
724 1907 900 1962 urbem,
938 1913 1019 1952 aut
1054 1902 1462 1966 oppugnaturum.’
1531 1901 1649 1949 Cum

189 1971 276 2017 hoc
301 1987 520 2033 responso
556 1973 767 2019 dimissos
801 1988 989 2018 monere
1013 1972 1147 2018 amici
1182 1977 1449 2034 coeperunt,
1486 1979 1540 2017 ut
1575 1984 1647 2016 re·

188 2053 309 2098 gem,
335 2054 471 2100 quem
495 2039 642 2101 Syria,
669 2055 803 2100 quem
824 2038 1055 2085 Phoenice
1077 2039 1336 2100 recepisset,
1361 2038 1450 2100 ipsi
1472 2051 1651 2098 quoque

191 2105 352 2151 urbem
385 2106 561 2153 intrare
583 2113 868 2168 paterentur.
938 2107 1005 2153 At
1028 2106 1095 2152 illi
1127 2106 1229 2153 loco
1264 2106 1375 2154 satis
1407 2104 1495 2163 fisi,
1530 2102 1651 2151 obsi-

192 2172 379 2218 dionem
401 2173 522 2219 ferre
544 2173 866 2220 decreverunt.

254 2238 391 2285 VIII.
427 2240 640 2301 Namque
662 2241 823 2286 urbem
846 2256 873 2286 a
896 2240 1154 2287 continenti
1176 2245 1375 2301 quatuor
1397 2238 1650 2286 stadiorum

191 2307 358 2354 fretum
403 2307 586 2365 dividit,
623 2307 782 2354 Africo
827 2307 1024 2353 maxime
1070 2306 1339 2368 objectum3
1376 2306 1560 2352 crebros
1594 2319 1651 2350 ex

191 2373 285 2420 alto
308 2374 477 2422 fluctus
510 2375 559 2420 in
580 2375 713 2422 littus
747 2374 945 2430 evolvit;
981 2390 1067 2420 nec
1091 2373 1360 2436 accipiendo
1392 2372 1536 2434 operi,
1561 2385 1652 2431 quo

194 2440 473 2488 Macedones
506 2441 767 2489 continenti
789 2441 987 2487 insulam
1014 2441 1217 2502 jungere
1249 2440 1490 2503 parabant,
1516 2437 1651 2498 quid-

193 2521 329 2566 quam
346 2509 492 2569 magis
516 2524 651 2569 quam
674 2509 752 2555 ille
776 2514 943 2555 ventus
966 2509 1194 2555 obstabat.
1265 2506 1451 2568 Quippe
1465 2504 1543 2550 vix
1556 2505 1651 2550 leni

194 2579 242 2619 et
275 2577 526 2636 tranquillo
572 2576 688 2622 mari
733 2575 877 2621 moles
923 2576 1000 2636 agi
1044 2579 1275 2637 possunt3
1310 2570 1497 2618 Africus
1541 2586 1651 2617 vero

193 2639 342 2701 prima
366 2658 572 2702 quaeque
606 2648 828 2705 congesta
851 2643 984 2704 pulsu
1007 2642 1127 2688 illisa
1152 2640 1287 2686 maris
1311 2638 1491 2685 subruit
1516 2656 1526 2684 ε
1564 2653 1650 2684 nec

193 2706 286 2753 ulla
308 2713 405 2754 tam
437 2709 568 2756 firma
590 2711 732 2757 moles
755 2715 839 2766 est,
877 2725 1014 2770 quam
1038 2724 1132 2754 non
1155 2707 1355 2754 exedant
1387 2704 1540 2751 undae
1570 2720 1653 2766 per

195 2789 343 2821 nexus
367 2790 560 2836 operum
594 2783 867 2832 manantes;
903 2783 964 2832 et,
989 2776 1071 2821 ubi
1104 2774 1252 2820 acrior
1281 2773 1433 2819 flatus.
1453 2771 1648 2828 exsistit,

194 2841 359 2887 summi
393 2842 544 2903 operis
577 2842 755 2903 fastigio
802 2843 1084 2904 superfusae.
1155 2840 1347 2886 Praeter
1379 2838 1500 2885 hanc
1533 2838 1652 2884 diffi-

195 2908 414 2956 cultatem
448 2908 574 2954 haud
607 2910 757 2956 minor
792 2910 881 2956 alia
904 2914 1037 2956 erat:
1074 2922 1229 2953 muros
1253 2912 1491 2967 turresque
1524 2904 1650 2952 urbis

193 2975 452 3037 praealtum
473 2991 598 3023 mare
622 2977 866 3024 ambiebat.
937 2975 1046 3022 Non
1070 2978 1316 3031 tormenta,
1342 2971 1429 3020 nisi
1464 2988 1490 3019 e
1522 2971 1650 3019 navi·
