1721 3200
611 138 818 188 LIBER
852 135 1169 188 TERTIUS.
1596 139 1625 188 9

151 274 404 337 appellant,
451 275 612 322 decem
645 280 695 322 et
726 273 934 336 quinque
968 273 1114 320 millia
1146 274 1398 320 hominum.
1495 273 1624 321 Haec

67 361 70 366 ¹
156 357 267 391 vero
298 341 451 397 turba,
487 341 778 390 muliebriter
800 341 1138 403 propemodum
1161 340 1303 398 culta,
1327 341 1443 389 luxu
1477 342 1624 404 magis

154 426 294 472 quam
326 408 508 457 decoris
541 409 681 456 armis
713 409 964 470 conspicua
998 417 1114 455 erat.
1186 407 1457 474 Dor-yphon'
1488 424 1623 456 voca-

67 470 79 485 '
155 478 326 526 bantur
360 476 620 539 proximum
642 476 716 523 his
748 491 933 536 agmen.
959 476 1083 523 soliti
1109 484 1283 523 vestem
1318 477 1531 538 excipere
1552 492 1624 523 re·

152 543 336 607 galenn
373 543 422 591 hi
462 558 649 591 currum
691 545 814 605 regis
860 543 1118 596 anteibant,
1155 558 1249 602 quo
1283 543 1382 605 ipse
1416 544 1624 591 eminens

156 610 424 660 vehebatur.
500 609 763 673 Utrumque
796 626 961 657 currus
995 610 1117 658 latus
1143 610 1352 657 Deorum
1377 610 1622 659 simulacra

152 692 211 727 ex
231 693 346 727 auro
366 685 655 740 argentoque
677 693 893 755 expressa
914 678 1230 732 decorabant;
1268 677 1622 739 distinguebant

151 745 479 794 intemitentes
510 761 720 808 gemmae
767 745 952 807 jugum,
1000 761 1058 791 ex
1093 761 1186 807 quo
1226 745 1495 793 eminebant
1525 746 1622 793 duo

149 827 292 860 aurea
311 812 555 860 simulacra
575 812 810 868 cubitalia,
835 829 1034 875 quorum
1057 812 1254 860 alterum
1274 812 1403 866 Nini,
1424 813 1622 860 alterum

154 878 254 928 Beli
275 880 469 943 gerebat
500 880 715 941 effigiem.
786 880 916 928 Inter
950 880 1063 927 haec
1085 896 1271 927 auream
1295 880 1494 942 aquilam
1518 881 1622 943 pin-

154 963 238 994 nas
258 948 533 996 extendenti
556 947 751 995 similem
774 955 1084 995 sacraverant.

218 1013 353 1061 VIII.
392 1014 561 1063 Cultus
597 1015 743 1077 Regis
777 1016 901 1062 inter
934 1015 1091 1061 omnia
1113 1014 1297 1061 luxuria
1330 1015 1618 1064 notabatur:

153 1096 413 1144 purpureae
446 1083 634 1130 tunicae
656 1082 861 1129 medium
895 1081 1001 1128 albo
1036 1082 1268 1129 intextum
1293 1091 1424 1131 erat:
1450 1082 1619 1143 pallam

147 1163 264 1196 auro
296 1149 564 1198 distinctam
600 1149 728 1196 aurei
760 1149 1017 1212 accipitres,
1054 1149 1183 1196 velut
1218 1150 1380 1197 rostris
1414 1150 1538 1196 inter
1572 1167 1622 1196 se

148 1224 435 1269 corruerent,
482 1217 810 1271 adornabant:
870 1225 932 1271 et,
981 1232 1098 1263 zona
1152 1232 1295 1263 aurea
1334 1217 1621 1265 muliebriter

146 1283 340 1340 cinctus,
360 1284 592 1332 acinacem
611 1285 916 1347 suspenderat
930 1285 1007 1331 cui
1030 1300 1088 1331 ex
1102 1300 1286 1346 gemma
1307 1294 1409 1332 erat
1432 1286 1619 1346 vagina.

60 1352 68 1364 ’
151 1348 364 1400 Cidarim
401 1351 570 1399 Persae
603 1353 786 1413 regium
820 1352 984 1414 capitis
1019 1353 1249 1399 vocabant
1273 1352 1492 1412 insigne:
1532 1353 1619 1400 hoc

145 1419 360 1467 caerulea
395 1419 536 1467 fascia
568 1420 676 1466 albo
720 1420 943 1467 distincta
976 1419 1264 1468 circumibat.
1304 1419 1504 1466 Currum
1539 1419 1621 1467 de-

144 1500 247 1534 cem
269 1486 414 1534 millia
437 1486 726 1535 hastatorum
746 1488 1061 1549 sequebantur
1081 1504 1092 1541 ;
1128 1486 1284 1534 hastas
1307 1495 1507 1548 argento
1540 1504 1620 1534 ex-

145 1561 350 1611 ornatas,
375 1553 552 1615 spicula
585 1571 700 1601 auro
736 1556 937 1615 praefixa
970 1554 1238 1614 gestabant.
1307 1553 1490 1602 Dextra
1523 1555 1616 1602 lae-

146 1635 298 1683 vaque
330 1636 490 1681 regem
523 1622 714 1669 ducenti
729 1624 873 1668 ferme
908 1622 1181 1668 nobilissimi
1247 1622 1613 1684 propinquorum

143 1686 502 1735 comitabantur.
575 1688 759 1735 Horum
778 1705 944 1751 agmen
968 1689 1273 1737 claudebatur
1292 1689 1490 1751 triginta
1511 1690 1613 1737 mil-

140 1752 266 1802 libus
298 1755 524 1818 peditum,
561 1772 677 1818 quos
695 1757 802 1818 equi
836 1757 958 1818 regis
992 1756 1325 1818 quadringenti
1349 1758 1604 1818 sequeban-

140 1827 232 1870 mr.
305 1821 558 1871 Intervallo
579 1823 750 1870 deinde
775 1824 911 1870 unius
928 1824 1081 1878 stadii,
1108 1833 1302 1872 matrem
1324 1823 1457 1871 Darii
1482 1825 1609 1888 Sysi-

142 1889 347 1950 gambim
380 1906 544 1939 currus
578 1891 814 1947 vehebat;
851 1901 898 1938 et
932 1891 981 1938 in
1016 1891 1109 1938 alio
1143 1899 1244 1940 crat
1266 1891 1438 1953 conjux
1465 1909 1474 1938 :
1512 1903 1611 1940 tur·

144 1955 205 2002 ba
246 1954 520 2005 seminarum
566 1959 751 2020 reginas
789 1958 1110 2007 comitantium
1157 1959 1288 2022 equis
1323 1960 1610 2008 vectabatur.

144 2022 427 2080 Quindecim
449 2025 574 2080 inde,
610 2042 726 2088 quas
757 2042 1052 2075 armamaxas
1073 2027 1324 2089 appellant,
1352 2028 1608 2090 sequeban-

144 2096 258 2145 tur3
293 2090 342 2137 in
365 2090 436 2140 his
458 2101 593 2142 erant
615 2093 748 2141 liberi
772 2095 894 2156 rogis
917 2102 965 2142 et
987 2095 1068 2157 qui
1091 2095 1355 2144 educabant
1377 2110 1469 2148 eos,
1505 2111 1610 2157 spa·

143 2157 415 2220 donumque
447 2173 579 2221 grex,
614 2160 740 2208 haud
775 2178 886 2209 sane
919 2162 1011 2209 illis
1042 2163 1264 2224 gentibus
1297 2164 1414 2210 vilis.
1487 2162 1608 2209 Tum

137 2224 296 2286 regiae
327 2225 517 2287 pellices
550 2234 788 2277 trecentae
811 2229 1056 2292 sexaginta
1078 2229 1381 2286 vehebantur,
1409 2240 1457 2277 et
1481 2231 1609 2292 ipsae

143 2291 289 2354 regali
313 2293 445 2341 cultu
470 2304 766 2358 ornatuque.
803 2305 910 2359 post
942 2313 1059 2359 quas
1081 2299 1325 2359 pecuniam
1350 2298 1471 2357 rogis
1504 2313 1608 2344 sex·

139 2360 264 2407 centi
300 2361 479 2409 muliet
511 2364 708 2411 trecenti
731 2365 894 2411 cameli
929 2364 1175 2420 vehebant,
1210 2366 1441 2428 praesidio
1463 2364 1609 2426 sagit-

140 2426 366 2475 tariorum
410 2437 734 2491 prosequente.
833 2431 1207 2495 Propinquorum
1264 2433 1610 2495 amicorumque

138 2493 364 2557 conjuge·
388 2495 495 2543 huic
519 2497 693 2558 agmini
718 2499 968 2560 proximae,
995 2499 1287 2561 lixarumque
1310 2509 1358 2548 et
1391 2499 1607 2547 calonum

139 2575 322 2625 greges,
371 2563 677 2612 vehebantur.
772 2564 937 2613 Ultimi
972 2575 1105 2614 erant
1141 2582 1246 2614 cum
1278 2567 1376 2614 suis
1406 2567 1607 2629 quisque

138 2626 351 2708 dntibus,
376 2631 458 2708 qui
493 2639 719 2692 cogerent
752 2648 935 2710 agmen,
972 2633 1138 2681 leviter
1160 2634 1341 2683 armati.
1413 2634 1608 2686 Contra.

139 2694 180 2743 ni
197 2696 305 2760 quia
326 2698 473 2746 aciem
497 2698 809 2747 Macedonum
833 2699 1110 2756 intueretur,
1134 2700 1293 2765 dispar
1314 2702 1454 2749 facies
1476 2710 1605 2755 erat;

140 2762 272 2825 σφι·
303 2764 508 2828 virisque
539 2782 635 2814 non
668 2782 798 2824 auro,
837 2783 931 2814 non
954 2767 1172 2816 discolori
1196 2776 1339 2825 veste,
1365 2769 1450 2817 sed
1482 2768 1606 2816 ferro

135 2834 278 2893 σῃ
308 2846 416 2881 aere
454 2832 759 2896 fulgentibus.
829 2836 1016 2896 Agmen
1050 2844 1099 2884 et
1130 2843 1257 2884 stare
1289 2844 1519 2900 paratum,
1554 2843 1606 2885 et

140 2896 309 2959 κῇ·
343 2913 431 2948 nec
462 2901 605 2949 turba
626 2912 715 2950 nec
735 2902 929 2950 sarcinis
950 2916 1239 2966 praegrave;
1275 2905 1512 2953 intentum
1543 2901 1605 2952 ad

137 2961 285 3020 ¹¹⁰&-
317 2967 624 3031 maguum
656 2970 812 3027 modo,
847 2968 1321 3020 sedetiamnntum:
1359 2977 1407 3019 et
1441 2969 1606 3019 cantii·
