1721 3200
463 200 707 261 QUINTI
745 198 985 250 cmt'rn
1025 199 1203 249 RUFI.
1503 202 1566 254 47

85 342 539 403 aequm‘poteram
575 337 735 400 itaque
767 336 993 385 interiora
1023 352 1213 399 quoque
1246 337 1373 384 urbis
1403 336 1571 386 infesta

86 407 200 455 >telin
221 411 372 455 erant.
444 404 623 454 Ultima
645 405 787 469 pestis
812 404 940 452 urbis
973 402 1063 452 sdic
1094 405 1312 452 cuniculo
1345 405 1568 453 subrutus

92 490 271 532 muria,
292 488 377 537 per
399 472 532 536 cujus
565 473 723 520 ruinas
756 473 902 520 hostis
937 472 1150 520 intravit.
1221 471 1440 520 Ducebat
1473 473 1572 535 ipsc

90 557 177 589 rex
199 540 545 603 antesignanos,
561 547 624 597 et,
649 540 764 588 dum
787 540 1020 588 incautius
1043 540 1183 595 subit,
1204 555 1316 587 saxo
1339 557 1447 588 crus
1469 541 1569 604 ejus

94 608 354 672 affligitur:
387 607 579 656 innixus
603 614 756 656 tamen
783 607 891 663 telo,
918 607 1127 654 nondum
1163 608 1329 670 prioris
1365 608 1569 656 vulneris

94 676 302 725 obducta
337 675 568 732 cicatrice,
603 675 728 723 inter
763 676 985 738 primores
1019 675 1246 722 dimicat:
1286 676 1354 722 ira
1388 692 1573 739 quoque

97 734 331 801 socerisui,
367 743 495 806 quod
527 743 624 791 duo
658 743 707 790 iu
741 743 984 790 obsidione
1021 743 1148 789 urbis
1183 744 1284 804 ejus
1329 756 1572 807 acceperat

14 853 20 863 ,
97 811 310 860 vulnera.
380 810 550 866 Betim,
576 811 767 872 egregia
788 811 917 858 edita
938 827 1105 874 pugna,
1132 811 1384 871 multisque
1408 812 1571 859 vulne·

96 879 227 927 ribus
271 878 538 926 consectum
583 879 888 926 deseruerant
920 879 1030 926 sui:
1069 895 1154 925 nec
1191 887 1349 927 tamen
1384 880 1573 942 segnius

96 945 326 1010 praelium
361 946 645 1007 capessebat,
681 945 873 993 lubricis
918 946 1059 993 armis
1103 962 1188 993 suo
1225 948 1398 1009 pariter
1432 955 1575 1010 atquc

96 1013 303 1062 hostium
326 1013 568 1075 sanguine.
640 1013 734 1061 Sed
757 1030 900 1075 quum
928 1015 1134 1076 undique
1169 1013 1342 1078 (mnus
1367 1015 1574 1062 omnium

96 1081 206 1130 telis
227 1088 481 1143 peteretur,
506 1081 568 1128 ad
590 1089 874 1144 postremum
901 1082 1033 1128 vivus
1055 1082 1104 1127 in
1128 1089 1409 1144 potestatem
1431 1083 1575 1131 bosti-

99 1163 180 1197 um
202 1148 446 1211 pervenit:
484 1164 577 1210 quo
600 1149 661 1196 ad
685 1148 895 1210 regenst)
917 1149 1137 1205 adducto,
1159 1149 1378 1198 insolenti
1401 1151 1577 1212 gaudio

67 1274 74 1282 ί
84 1215 279 1279 juvenis
296 1216 460 1272 elatus,
480 1216 594 1263 alias
612 1216 799 1264 virtutis
817 1217 957 1263 etiam
981 1217 1030 1262 in
1051 1216 1186 1264 hoste
1206 1219 1411 1273 mirator,
1439 1224 1449 1242 ‘
1467 1218 1577 1266 Non

95 1291 153 1334 ut
191 1281 408 1341 voluisti‚'
441 1283 609 1344 iuquit,
647 1284 902 1339 ‘niorieris‚
931 1284 1064 1332 Beti:
1103 1285 1185 1332 sed
1216 1285 1443 1348 quidquid
1480 1296 1577 1333 tor-

98 1357 362 1400 mentorum
385 1351 436 1398 in
458 1352 697 1414 captivum
728 1352 927 1398 inveniri
952 1359 1121 1414 potest,
1140 1369 1382 1415 passurum
1406 1370 1506 1401 esse
1530 1364 1578 1402 te

90 1416 282 1481 cogita?
350 1418 451 1477 Ille,
469 1435 566 1466 non
585 1419 803 1467 interrito
824 1420 978 1473 modo,
1001 1420 1082 1466 sed
1101 1422 1367 1467 contumaci
1391 1437 1577 1482 quoque

98 1486 248 1545 vultu,
265 1486 454 1534 intuens
472 1502 644 1549 regem,
663 1487 837 1533 nullam
857 1487 917 1533 ad
937 1488 1083 1533 minas
1106 1487 1206 1549 ejus
1225 1489 1382 1536 reddit
1399 1505 1571 1536 vocem.

99 1553 221 1601 Tum
246 1554 531 1611 Alexander,
569 1561 581 1581 ‘
603 1555 847 1602 Videtisne
871 1555 1159 1602 obstinatum
1183 1556 1243 1604 ad
1269 1556 1520 1603 tacendum
1538 1557 1578 1603 12·

95 1620 283 1684 inquit:
311 1626 596 1683 ‘numgenu
615 1623 803 1685 posuit?
829 1638 940 1669 num
960 1623 1215 1685 supplicem
1237 1640 1395 1670 vocem
1415 1625 1572 1676 misit:

102 1688 300 1737 Vincam
323 1695 481 1737 tamen
505 1690 754 1746 silentium,
781 1698 843 1746 et,
869 1692 906 1736 si
932 1690 1048 1737 nihil
1070 1691 1211 1745 aliud,
1236 1700 1364 1739 certe
1392 1694 1574 1754 gemitu

97 1755 436 1819 interpellabo!
504 1755 628 1803 Iram
651 1757 823 1804 deinde
858 1758 999 1806 vertit
1035 1760 1084 1805 in
1118 1760 1307 1815 rabiem,
1336 1759 1436 1821 jam
1470 1770 1574 1808 tum

97 1823 371 1886 peregrinos
392 1823 513 1871 ritus
538 1840 659 1872 nova
682 1826 911 1873 subeunte
926 1826 1126 1873 fortuna.
1202 1826 1291 1874 Per
1307 1828 1424 1875 talos
1447 1829 1573 1875 enim

97 1891 317 1953 spirantis
359 1891 460 1939 lora
492 1892 687 1953 trajecta
731 1901 855 1949 sunt,
893 1893 1234 1956 religatumque
1279 1896 1340 1942 ad
1385 1911 1573 1942 currum

91 1966 279 2006 traxere
311 1958 433 2006 circa
467 1960 630 2007 urbem
664 1961 771 2023 equi
797 1978 808 2014 ;
843 1961 1076 2022 gloriante
1111 1978 1237 2024 rege,
1264 1961 1514 2019 Achillem,
1541 1980 1569 2009 a

95 2040 193 2086 quo
225 2042 375 2089 genus
407 2027 506 2089 ipse
539 2028 807 2084 deduceret,
844 2030 1075 2077 imitatum
1123 2046 1172 2076 sc
1206 2047 1306 2077 esse
1340 2047 1492 2093 poena
1525 2033 1572 2077 in

99 2092 278 2140 hostem
303 2095 546 2156 capienda.
614 2095 836 2143 Cecidere
862 2095 1103 2144 Persarum
1130 2098 1436 2161 Arabumque
1451 2099 1575 2146 circa

97 2161 260 2207 decem
285 2158 456 2208 mulia:
495 2177 580 2210 nec
605 2161 945 2211 Macedonibus
971 2165 1215 2213 incruenta
1251 2165 1443 2213 victoria
1467 2166 1571 2214 fuit.

100 2226 299 2275 Obsidio
321 2234 448 2275 certe
471 2244 565 2276 non
583 2241 677 2278 tam
696 2231 908 2279 claritate
926 2233 1052 2278 urbis
1069 2234 1314 2281 nobilitata
1329 2241 1414 2289 est,
1433 2249 1572 2296 quam

98 2286 337 2357 geminato
361 2295 568 2358 periculo
591 2298 741 2359 regis;
778 2300 856 2360 qui
883 2301 1154 2362 Aegyptum
1173 2301 1304 2347 adire
1329 2301 1567 2357 festinans,

100 2361 358 2424 Amyntam
382 2378 489 2410 cum
511 2363 672 2412 decem
695 2366 970 2414 triremibus·
985 2368 1034 2412 in
1064 2367 1385 2415 Macedoniam
1412 2368 1472 2414 ad
1497 2370 1569 2414 iu-

93 2430 393 2491 quisitioncm
428 2447 653 2479 novorum
688 2433 886 2481 militum
922 2435 1062 2482 misit.
1133 2436 1350 2496 Namque
1383 2436 1569 2497 praeliis

94 2498 238 2547 etiam
272 2498 489 2546 secundis
511 2500 831 2549 atterebantur
853 2502 1025 2563 copiae,
1052 2503 1435 2564 devictarumque
1455 2518 1571 2564 gen·

96 2565 218 2614 tium
240 2566 377 2614 militi
401 2565 552 2614 minor
573 2582 713 2627 quam
737 2568 991 2617 domestico
1020 2570 1131 2616 tides
1156 2569 1434 2618 habebatur.

166 2631 305 2680 XXV
312 2630 375 2680 11.
412 2632 458 2681 7.
500 2634 718 2697 Aegyptii
751 2636 865 2683 olim
902 2636 1145 2684 Persarum
1182 2637 1351 2699 opibus
1385 2637 1568 2695 infensi,

98 2700 271 2764 quippe
293 2716 430 2748 avare
447 2709 496 2748 et
513 2702 710 2764 superbe
734 2702 1048 2764 imperitatum
1068 2705 1276 2762 sihtesso
1297 2706 1569 2758 credebant.

100 2765 163 2814 nd
193 2783 322 2832 spem
367 2768 597 2816 adventus
631 2769 731 2831 ejus
764 2781 1010 2818 erexerant
1042 2772 1256 2820 animos:
1293 2781 1460 2837 utpote
1492 2775 1571 2835 qui

101 2829 199 2882 An
230 2843 360 2887 utam
381 2852 567 2901 quoque
591 2837 894 2898 transfugam,
919 2846 968 2886 et
991 2855 1097 2885 cum
1132 2841 1341 2901 precario
1377 2842 1572 2903 imperio

99 2915 158 2947 ve
267 2909 376 2962 tem,
401 2904 514 2952 laeti
556 2905 852 2968 recepissent.
926 2905 1078 2967 Igitur
1111 2906 1279 2969 iugens
1315 2908 1570 2955 multitudo

410 3018 429 3039 ·
449 3015 610 3058 Lacuna
638 3018 692 3059 sic
716 3031 741 3058 a
766 3018 1026 3059 Freinshemio
1036 3018 1238 3072 mppleta.
