1721 3200
149 153 211 202 36
582 153 786 201 LIBER
824 153 1160 211 QUARTUS.

146 289 235 335 hoc
276 288 423 334 acrius
467 287 630 336 furere.
698 289 766 338 At
798 289 891 346 ille,
925 289 1276 350 haudquaquam
1308 288 1436 337 rudis
1467 295 1593 340 trac-

145 356 276 403 tandi
301 355 518 402 militares
542 356 731 414 animos,
756 357 951 418 speciem
982 356 1068 403 sibi
1101 355 1318 404 Herculis
1349 357 1402 403 in
1433 359 1597 406 somno·

147 423 347 469 oblatam
369 437 466 469 esse
487 424 779 484 pronunciat,
796 425 1008 472 dextram
1030 423 1339 485 porrigentis:
1361 423 1443 471 illo
1461 425 1592 485 duce,

151 490 232 535 illo
257 490 506 551 aperiente,
531 490 580 535 in
614 491 776 537 urbem
807 491 982 539 intrare
1015 506 1063 537 se
1085 491 1250 537 visum.
1318 489 1449 539 Inter
1468 491 1596 551 haec,
1643 534 1646 537 .

145 556 468 613 caduceatores
510 556 792 616 interfectos,
827 558 1036 620 gentium
1063 557 1170 619 jura
1207 557 1390 616 violata,
1425 559 1593 606 refere—

143 625 261 670 bat:
297 638 436 670 unam
469 639 568 670 esse
601 625 762 671 urbem
807 642 924 687 quae
969 641 1150 671 cursum
1194 625 1382 673 victoris
1424 626 1594 674 morari

143 706 252 737 ausa
284 697 417 738 esset.
486 690 697 738 Ducibus
730 692 899 739 deinde
931 693 1171 754 negotium
1215 691 1366 750 datur,
1399 699 1455 742 ut
1487 708 1594 740 suos

144 758 331 820 quisque
380 758 576 819 castiget
598 775 611 815 ;
659 759 858 819 satisque
907 760 1118 806 omnibus
1172 758 1432 818 stimulatiS,
1477 775 1593 822 opus

144 840 272 871 orsus
295 831 378 871 est.
448 819 630 886 Magna?
654 827 723 873 vis
757 841 970 872 saxorum
1002 826 1062 873 ad
1094 842 1283 873 manum
1316 832 1430 884 erat,
1465 826 1593 890 Tyro

141 900 296 939 vetere
317 891 569 954 praebente
592 909 603 948 ;
640 893 852 940 materies
875 909 932 940 ex
955 894 1135 941 Libano
1157 898 1316 941 monte
1347 893 1524 941 ratibus
1548 901 1595 942 et

137 959 344 1005 turribus
366 959 586 1006 faciendis
609 961 880 1008 vehebatur.

205 1027 262 1072 X.
299 1025 498 1087 Jamque
532 1042 559 1072 a
594 1026 741 1074 fundo
774 1029 912 1073 maris
950 1027 1000 1073 in
1033 1028 1328 1076 altitudinem
1361 1027 1590 1074 modicam

136 1109 253 1155 opus
277 1100 541 1140 excreverat
561 1110 571 1140 :
597 1095 804 1140 nondum
827 1101 982 1141 tamen
1006 1111 1152 1156 aquae
1170 1095 1409 1156 fastigium
1424 1110 1592 1156 aequa-

137 1161 218 1207 bat
244 1177 254 1215 ;
282 1167 329 1207 et
353 1175 443 1220 quo
466 1160 651 1222 longius
672 1162 815 1208 moles
850 1163 1073 1223 agebatur
1096 1179 1123 1208 a
1144 1162 1294 1220 litore,
1318 1162 1407 1208 hoc
1428 1161 1589 1222 magis,

137 1227 361 1288 quidquid
379 1228 689 1288 ingerebatur,
710 1229 965 1289 praealtum
984 1229 1259 1276 absorbebat
1275 1244 1425 1275 mare:
1450 1243 1591 1289 quum

140 1295 286 1357 Tyrii,
310 1295 463 1355 parvis
486 1295 680 1356 navigiis
705 1296 916 1353 admotis,
941 1311 1023 1357 per
1056 1296 1308 1342 ludibrium
1342 1296 1590 1358 exprobra-

136 1363 265 1418 bant,
300 1361 404 1407 illos
437 1361 575 1408 armis
609 1362 807 1424 inclytos
847 1363 999 1421 dorso,
1034 1364 1150 1411 sicut
1188 1362 1414 1422 jumenta,
1450 1377 1592 1409 onera

136 1436 352 1489 gestare;
389 1428 739 1490 interrogabant
764 1430 919 1487 etiam,
943 1446 1053 1476 num
1085 1430 1231 1492 major
1264 1430 1488 1492 Neptuno
1521 1445 1591 1475 es-

138 1503 207 1543 set
228 1495 496 1541 Alexander
513 1495 538 1541 ῖ)
605 1495 737 1543 Haec
772 1497 870 1558 ipsa
901 1497 1144 1544 insectatio
1167 1497 1452 1544 alacritatem
1473 1496 1593 1542 mili-

137 1571 237 1609 tum
254 1563 483 1609 accendit.
534 1562 733 1623 Jamque
749 1564 988 1625 paululum
1006 1565 1150 1611 moles
1165 1579 1330 1627 aquam
1345 1563 1594 1620 eminebat,

138 1638 184 1676 et
207 1630 342 1676 simul
366 1630 549 1690 aggeris
572 1629 772 1677 latitudo
806 1633 1053 1689 crescebat,
1087 1632 1284 1693 urbique
1317 1630 1592 1677 admoveba-

136 1705 240 1752 tur;
267 1713 370 1742 cum
396 1697 542 1758 Tyrii,
568 1698 889 1758 magnitudine
911 1699 1059 1756 molis,
1097 1698 1226 1760 cujus
1258 1697 1591 1744 incrementum

138 1780 215 1811 eos
249 1770 358 1810 ante
381 1763 620 1821 fefellerat,
658 1773 919 1827 conspecta,
943 1766 1121 1812 levibus
1154 1765 1351 1825 navigiis
1384 1764 1592 1810 nondum

137 1832 427 1878 commissum
463 1847 578 1892 opus
614 1832 854 1878 circumire
888 1838 1175 1894 coeperunt;
1219 1831 1467 1877 missilibus
1513 1846 1590 1877 eos

138 1913 318 1958 quoque
351 1898 430 1958 qui
462 1913 547 1959 pro
583 1913 720 1960 opere
755 1900 942 1945 stabant
974 1901 1213 1946 incessere.
1283 1897 1446 1944 Multis
1480 1912 1593 1958 ergo

137 1965 325 2026 impune
342 1965 609 2022 vulneratis,
630 1981 734 2011 cum
757 1973 805 2012 et
822 1981 1057 2012 removere
1080 1973 1127 2014 et
1151 1965 1376 2028 appellere
1399 1963 1594 2026 scaphas

136 2032 184 2076 in
209 2031 426 2092 expedito
451 2039 584 2085 esset,
610 2032 671 2077 ad
704 2048 862 2078 curam
887 2033 1153 2095 semetipsos
1176 2030 1339 2080 tuendi
1360 2031 1419 2078 ab
1452 2046 1592 2093 opere

138 2105 479 2144 converterant.
570 2098 720 2159 Igitur
753 2115 836 2145 rex
885 2100 1198 2147 munientibus
1244 2098 1368 2146 coria
1400 2097 1591 2159 velaque

129 2165 269 2226 jussit
293 2165 501 2222 obtendi,
525 2173 579 2211 ut
613 2175 745 2212 extra
765 2167 847 2212 teli
869 2167 1014 2213 ictum
1036 2177 1216 2221 essent3
1253 2166 1457 2225 duasque
1490 2172 1590 2212 tur-

135 2249 208 2279 res
230 2248 288 2278 ex
310 2231 461 2293 capite
484 2232 616 2278 molis
640 2233 800 2290 erexit,
822 2249 847 2279 e
871 2234 1036 2295 quibus
1059 2235 1108 2280 in
1126 2235 1376 2281 subeuntes
1399 2231 1592 2293 scaplms

135 2299 227 2346 tela
248 2299 401 2360 ingeri
422 2306 623 2360 possent.
693 2299 883 2357 Contra,
905 2301 1038 2362 Tyrii
1059 2301 1244 2362 navigia
1258 2297 1419 2361 procul
1436 2313 1463 2343 a
1480 2312 1591 2344 con-

138 2372 297 2427 spectu
332 2366 536 2412 hostium
569 2365 695 2413 litori
736 2368 988 2429 appellunt,
1026 2369 1333 2430 expositisque
1353 2359 1589 2411 ‘militibus

137 2448 213 2478 eos
247 2433 325 2494 qui
359 2448 468 2479 saxa
499 2433 746 2493 gestabant
769 2436 1062 2482 obtruncant.
1130 2434 1187 2480 In
1209 2433 1389 2480 Libano
1411 2445 1589 2491 quoque

136 2499 345 2544 Arabum
390 2508 607 2561 agrestes,
653 2500 979 2562 incompositos
1035 2502 1313 2548 Macedonas
1368 2498 1588 2558 aggressi,

136 2566 331 2626 triginta
351 2565 447 2612 sere
469 2566 768 2625 interficiunt,
797 2568 1089 2629 paucioribus
1112 2567 1275 2630 captis.
1339 2564 1385 2611 3.
1423 2563 1494 2610 Ea
1515 2579 1588 2611 res

136 2632 458 2678 Alexandrum
481 2633 688 2680 dividere
710 2636 865 2696 copias
888 2635 1060 2696 coegit.
1128 2634 1192 2681 Et
1214 2649 1274 2680 ne
1290 2630 1495 2692 segniter
1516 2646 1587 2678 as-

138 2699 286 2745 sidere
310 2698 390 2743 uni
412 2699 516 2744 urbi
539 2700 790 2759 vvideretur,
815 2703 942 2764 operi
966 2701 1237 2748 Perdiccam
1257 2699 1591 2757 Craterumque
1653 2754 1662 2766 Ι

137 2764 382 2827 praefecit;
417 2764 515 2825 ipse
538 2782 644 2813 cum
666 2769 881 2830 expedita
902 2783 1043 2814 manu
1065 2766 1285 2813 Arabiam
1307 2760 1459 2830 petiit.

204 2831 292 2878 XI.
343 2830 473 2878 Inter
520 2831 634 2879 haec
676 2835 808 2896 Tyrii
851 2850 1016 2882 navem
1050 2833 1372 2895 magnitudine
1405 2830 1588 2888 eximia,

140 2899 260 2945 saxis
293 2912 521 2958 arenaque
553 2914 580 2944 a
612 2903 756 2963 puppi
788 2908 1039 2957 oneratam,
1062 2900 1129 2948 ita
1152 2907 1205 2946 ut
1229 2899 1424 2945 multum
1449 2912 1589 2959 prora

139 2966 376 3024 emineret,
398 2965 626 3013 bitumine
649 2983 702 3014 ac
724 2968 944 3031 sulphure
963 2967 1141 3024 illitam,
1167 2967 1304 3012 remis
1328 2965 1587 3011 concitave⁶
