1721 3200
123 141 185 189 ρο
487 104 724 198 Qmm
760 140 996 188 cun'rn
1032 140 1215 189 num.

129 282 322 336 utraque
356 273 475 320 acies
508 282 646 330 erat-3
683 290 825 335 quum
869 275 1045 337 priores
1080 275 1250 322 Persae
1293 274 1583 327 inconditum
1662 293 1667 305 ¹

128 349 176 390 et
215 348 391 390 trucem
426 342 654 388 sustulere
687 343 946 389 clamorem.
1017 342 1254 390 Redditur
1287 347 1336 390 et
1368 357 1397 390 a
1428 342 1584 390 Mace-

125 409 324 456 donibus
367 407 523 469 major,
572 410 800 456 exercitus
851 410 1027 471 impare
1082 423 1291 466 numero,
1336 409 1419 456 sed
1453 408 1583 472 Jugis

128 476 355 523 montium
380 475 611 536 vastisque
634 476 828 524 saltibus
851 492 1145 538 repercussus
1170 493 1181 523 :
1216 475 1384 538 quippe
1407 491 1587 538 semper

125 541 418 603 circumjecta
461 557 651 590 nemora
695 551 957 605 petraeque,
999 549 1415 603 quantamcumque
1458 558 1588 590 acce·

128 625 236 670 pere
269 624 445 666 vocem,
493 610 802 672 multiplicato
849 626 962 657 sono
1007 610 1229 658 referunt.
1317 609 1588 657 Alexander
1649 625 1655 629 ·

130 687 238 724 ante
260 677 409 738 prima
428 676 561 737 signa
583 677 694 733 ibat,
729 677 984 724 identidem
1019 693 1161 724 manu
1193 692 1301 723 suos
1332 676 1546 724 inhibens
1571 693 1584 732 ;

127 760 185 790 ne
208 743 431 805 suspensi,
467 743 616 790 acrius
662 745 722 790 ob
755 745 944 791 nimiam
978 743 1319 792 festinationem
1353 744 1587 796 concitato

128 811 308 872 spiritu,
334 817 626 872 capesserent
649 811 886 872 praelium.
959 811 1169 872 Cumque
1200 811 1376 872 agmini
1398 811 1588 872 obequi-

125 884 260 935 taret,
298 878 424 924 varia
457 878 679 935 oratione,
715 885 769 925 ut
814 878 1036 938 cujusque
1068 879 1233 924 animis
1265 884 1427 940 aptum
1470 884 1586 945 erat,

125 945 293 992 milites
316 944 652 1005 alloquebatur.
722 945 1017 1002 MacedoneS,
1053 951 1126 993 tot
1158 945 1427 992 bellorum'
1414 961 1465 992 111
1487 935 1586 995 Eu-

127 1028 240 1074 ropa
274 1012 486 1068 victores,
513 1011 573 1057 ad
597 1012 902 1073 subigendam
935 1013 1096 1059 Asiam
1119 1019 1259 1073 atque
1290 1013 1455 1060 ultima
1478 1011 1586 1061 Ori-

129 1080 265 1137 entis,
290 1095 386 1125 non
419 1079 563 1140 ipsius
586 1079 726 1139 magis
749 1094 885 1139 quam
909 1095 992 1126 suo
1007 1080 1154 1127 ductu
1175 1079 1384 1141 profecti,
1407 1079 1587 1128 invete-

126 1154 254 1194 ratae
306 1146 491 1194 virtutis
548 1145 920 1193 admonebantur
944 1163 954 1192 :
1016 1146 1126 1193 Illos
1179 1153 1408 1194 terrarum
1457 1147 1582 1194 orbis

124 1213 410 1271 liberatores,
446 1228 744 1273 emensosque
778 1214 888 1259 olim
912 1213 1130 1260 Herculis
1163 1219 1212 1261 et
1247 1213 1407 1260 Liberi
1439 1213 1585 1275 patris

126 1281 363 1336 terminos,
383 1295 479 1326 non
507 1279 658 1326 Persis
680 1280 832 1334 modo,
859 1280 940 1326 sed
957 1281 1098 1328 etiam
1121 1281 1335 1328 omnibus
1357 1281 1579 1342 gentibus

126 1347 420 1424 imposituros
434 1347 641 1408 jugum3
680 1347 989 1394 Macedonum
1025 1347 1196 1395 Bactra
1217 1354 1265 1394 et
1287 1347 1431 1394 Indos
1452 1347 1582 1396 fore:

127 1414 314 1461 minima
336 1429 435 1460 esse
457 1429 574 1474 quae
597 1429 722 1460 nunc
744 1414 1072 1462 intuerentur:
1111 1415 1193 1461 sed
1215 1414 1370 1461 omnia
1392 1415 1586 1462 victoria

125 1481 311 1558 parari:
349 1481 496 1527 Non'
484 1497 533 1526 111
557 1481 816 1542 praeruptis
836 1482 978 1543 petris
1003 1481 1267 1544 Illyriorum
1290 1487 1338 1528 et
1362 1481 1589 1529 Thraciae

126 1548 247 1594 saxis
273 1548 476 1596 sterilem
509 1548 714 1594 laborem
748 1547 846 1594 fore
871 1565 882 1603 ;
918 1548 1064 1609 spolia
1096 1549 1242 1596 totius
1278 1548 1487 1596 Orientis
1520 1548 1589 1595 of-

125 1616 235 1662 ferri
255 1633 266 1662 :
293 1615 388 1661 Vix
405 1614 562 1676 gladio
577 1614 786 1661 futurum
804 1631 919 1676 opus
938 1632 949 1670 ;
975 1622 1123 1663 totam
1145 1615 1290 1661 aciem
1310 1631 1395 1662 suo
1417 1631 1588 1676 pavore

127 1683 434 1730 fluctuantem
452 1682 735 1728 umbonibus
759 1697 892 1743 posse
915 1683 1125 1744 propelli.
1195 1682 1360 1729 Victor
1381 1682 1443 1728 ad
1474 1683 1590 1731 haec

127 1749 485 1797 Atheniensium
511 1748 752 1810 Philippus
776 1758 907 1810 pater
941 1750 1258 1806 invocabatur,
1295 1749 1588 1810 domitaeque

124 1833 273 1879 nuper
309 1816 546 1872 Boeotiae,
581 1824 628 1862 et
663 1816 788 1862 urbis
826 1816 875 1862 in
908 1832 962 1863 ea
996 1816 1305 1862 nobilissimae
1338 1816 1399 1862 ad
1433 1816 1583 1862 solum

125 1885 306 1931 dirutae
328 1883 502 1944 species
524 1883 957 1944 repraesentabatur
980 1883 1143 1945 animis
1162 1899 1172 1937 ;
1202 1882 1301 1943 jam
1327 1883 1582 1930 Granicum

125 1967 321 2007 amnem,
339 1950 439 2011 jam
461 1956 534 1996 tot
568 1950 718 2004 urbes,
755 1958 837 1996 aut
861 1957 1151 2010 expugnatas
1170 1957 1252 1996 aut
1274 1949 1324 1994 in
1345 1949 1486 1996 fidem
1509 1965 1585 1996 ac-

125 2025 296 2079 ceptas,
333 2017 576 2076 omniaque
609 2031 725 2075 quac
758 2023 863 2078 post
885 2025 1068 2077 tergum
1093 2023 1225 2063 erant
1247 2024 1391 2063 strata
1425 2022 1473 2064 et
1505 2032 1586 2079 pe-

123 2085 258 2131 dibus
314 2085 517 2146 ipsorum
561 2082 768 2143 subjecta
806 2084 1106 2130 memorabat.
1198 2083 1355 2140 Quum
1409 2083 1589 2131 adierat

129 2153 348 2207 Graecos,
396 2150 690 2205 admonebat,
734 2150 792 2195 ab
830 2150 888 2196 iis
926 2151 1144 2211 gentibus
1188 2151 1318 2198 illata
1365 2149 1591 2197 Graeciae

127 2219 261 2276 bella,
289 2217 423 2265 Darii
446 2217 589 2279 prius,
624 2216 794 2263 deinde
829 2217 996 2263 Xerxis
1028 2217 1291 2274 insolentia,
1327 2232 1493 2278 aquam
1514 2217 1586 2278 ip'-
1614 2232 1620 2235 “

127 2303 223 2332 sam
256 2294 517 2344 terramque
550 2283 918 2346 postulantium:
954 2291 1006 2332 ut
1039 2299 1189 2344 neque
1220 2284 1419 2331 fontium
1449 2283 1585 2330 haus-

124 2362 239 2409 tum,
258 2368 344 2399 nec
366 2352 527 2398 solitos
560 2350 686 2398 cibos
708 2350 1035 2410 relinquerent.
1104 2351 1231 2398 Dein
1252 2351 1392 2398 desim
1414 2349 1587 2411 templa

126 2419 271 2465 ruinis
294 2428 342 2466 et
373 2418 559 2479 ignibus
600 2433 698 2464 esse
733 2417 899 2475 deleta,
926 2419 1061 2464 urbes
1084 2433 1243 2465 eorum
1266 2422 1584 2479 expugnatas;

125 2486 311 2532 foedera
333 2485 523 2531 humani
558 2484 791 2545 divinique
817 2485 936 2546 juris
958 2484 1130 2532 violata
1161 2484 1406 2532 referebat.
1475 2481 1587 2544 Illy-

128 2553 219 2599 rios
241 2568 350 2598 vero
375 2560 423 2599 et
458 2552 676 2608 Thracas,
702 2557 836 2614 rapto
869 2552 1024 2599 vivere
1057 2558 1276 2607 assuetos,
1312 2550 1457 2596 aciem
1479 2549 1585 2596 hos-

126 2620 243 2666 tium
278 2633 389 2664 auro
424 2633 718 2680 purpuraque
748 2618 1006 2679 fulgentem
1028 2618 1200 2666 intueri
1223 2616 1434 2678 jubebat,
1453 2631 1586 2677 prae-

128 2686 249 2743 dam,
274 2701 371 2731 non
394 2699 521 2730 arma
543 2692 822 2744 gestantem:
858 2685 1003 2743 Irent,
1029 2691 1077 2733 et
1110 2683 1370 2731 imbellibus
1402 2681 1585 2730 feminis

127 2768 287 2799 aurum
331 2751 418 2797 viri
458 2751 723 2813 eriperent:
770 2768 931 2814 aspera
962 2750 1188 2799 montium
1231 2764 1417 2797 suorum
1454 2749 1586 2811 juga,

129 2820 368 2880 nudosque
391 2817 530 2864 colles
554 2823 602 2864 et
635 2825 860 2881 perpetuo
881 2820 1085 2880 rigentes
1118 2816 1234 2878 gelu,
1260 2815 1435 2865 ditibus
1471 2815 1583 2863 Per·

129 2902 278 2933 sarum
301 2885 474 2947 campis
491 2884 702 2945 agrisque
724 2893 967 2934 mutarent.

193 2953 349 3002 XXV.
384 2952 460 3007 11.
496 2950 604 2998 Jam
638 2951 698 2998 ad
743 2952 824 2999 teli
861 2952 1038 3014 jactum
1083 2959 1403 3013 pervenerant,
1449 2966 1589 3013 quum
