1721 3200
515 191 721 241 LIBER
758 190 1095 251 QUARTUS.
1480 193 1543 241 55

79 325 228 375 ander
259 326 513 391 explorata,
548 327 719 376 deinde
763 334 1045 390 contempta,
1082 326 1364 391 praefectum
1402 327 1545 374 Paeo-

80 409 195 442 num
228 394 436 457 equitum
469 393 694 445 Aristona
731 395 899 444 laxatis
946 394 1139 442 habenis
1186 393 1341 441 invehi
1385 393 1544 456 jussit.

82 458 285 525 Insignis
308 477 364 510 eo
387 462 465 511 die
496 478 656 527 pugna
688 464 912 526 equitum,
948 470 997 511 et
1029 462 1275 525 praecipue
1310 461 1546 511 Aristonis

82 528 200 578 fuit:
246 530 531 594 praefectum
575 530 807 592 equitatus
849 529 1092 578 Persarum
1128 529 1437 591 Satropatem,
1473 530 1544 577 di·

80 602 212 646 recta
252 597 303 645 in
347 604 540 660 gutture
583 598 731 657 hasta,
777 598 1026 653 transfixit,
1074 597 1420 658 fugientemque
1463 613 1548 660 per

81 662 260 713 medios
291 663 448 714 hostes
481 674 809 728 consequutus,
846 682 904 713 ex
950 681 1070 727 equo
1114 665 1452 727 praecipitavit,
1498 672 1548 713 et

79 730 340 781 obluctanti
362 741 503 795 caput
524 733 683 796 gladio
717 733 947 796 dempsit:
986 732 1111 795 quod
1144 733 1343 780 relatum
1377 748 1548 795 magna

80 812 186 846 cnm
208 798 346 848 laude
368 806 478 849 ante
499 800 622 863 regis
644 801 787 863 pedes
809 799 979 863 posuit.

146 865 379 924 xxxlx.
415 868 493 916 10.
532 868 686 916 Biduo
718 869 782 915 ibi
818 884 899 916 rcx
923 869 1093 917 stativa
1114 867 1294 924 habuit,
1319 867 1368 914 in
1392 868 1548 930 proxi-

80 947 204 981 mum
240 933 411 982 deinde
443 935 534 984 iter
567 936 862 998 pronunciari
901 935 1060 997 jussit.
1145 935 1238 983 Sed
1274 935 1422 996 prima
1455 935 1553 982 fere

81 1000 241 1064 vigilia
262 1001 374 1049 luna
395 1003 630 1059 deficienS,
655 1003 855 1066 primum
880 1004 1078 1050 nitorem
1104 1002 1267 1049 sideris
1291 1003 1362 1049 sui
1386 1003 1548 1050 condi—

80 1067 185 1125 dit;
220 1067 392 1117 deinde
413 1071 653 1133 sanguinis
675 1071 829 1118 colore
852 1071 1026 1118 suffuso
1049 1071 1206 1117 lumen
1230 1083 1369 1118 omne
1391 1070 1549 1118 foeda-

80 1135 163 1194 vit,
186 1136 470 1200 solicitisquc
492 1139 580 1185 sub
602 1138 751 1200 ipsum
774 1138 894 1186 tanti
919 1137 1195 1185 discriminis
1211 1153 1365 1184 casum
1384 1138 1553 1199 ingens

79 1202 259 1266 religio,
295 1210 344 1253 et
377 1221 435 1252 ex
469 1221 524 1253 ea
555 1205 755 1253 formido
792 1206 1032 1266 quaedam,
1068 1206 1263 1252 incussa,
1287 1212 1372 1252 est.
1444 1205 1550 1252 Diis

80 1269 241 1320 invitis
262 1271 313 1319 in
334 1271 523 1321 ultimas
547 1279 694 1320 terras
717 1273 840 1321 trahi
873 1289 923 1320 se
957 1273 1300 1334 querebantur:
1332 1272 1431 1332 jam
1465 1289 1551 1320 nec

80 1337 273 1387 flumina
293 1354 428 1403 posse
449 1341 583 1397 adiri,
609 1357 694 1388 nec
729 1341 881 1388 sidera
915 1341 1164 1404 pristinum
1201 1348 1439 1402 praestare
1460 1340 1549 1387 ful-

78 1421 241 1468 gorem
263 1423 275 1455 τ
300 1418 455 1456 vastas
479 1415 641 1467 terras,
658 1409 842 1456 deserta
867 1409 1024 1455 omnia
1040 1423 1314 1455 occurrere:
1341 1408 1391 1455 in
1415 1409 1550 1455 unius

78 1473 279 1523 hominis
297 1474 611 1538 ,jactationem
659 1484 731 1524 tot
766 1476 960 1523 millium
995 1475 1269 1537 sanguinem
1303 1475 1548 1538 impendi:

77 1541 266 1591 fastidio
287 1557 387 1590 esse
409 1544 634 1606 patriam:
671 1543 876 1590 abdicari
913 1543 1178 1606 Philippum
1214 1550 1408 1605 patrem,
1446 1559 1550 1591 coe·-

78 1608 177 1656 lum
209 1610 342 1658 vanis
374 1611 730 1672 cogitationibus
763 1612 874 1673 peti.
944 1611 1051 1658 Jam
1097 1626 1182 1673 pro
1217 1609 1446 1658 seditione
1479 1626 1552 1658 res

77 1682 193 1733 erat,
247 1692 387 1739 quum
431 1678 491 1725 ad
543 1680 700 1725 omnia
749 1678 1003 1735 interritus,
1041 1678 1184 1725 duces
1230 1677 1550 1740 principesque

80 1741 277 1792 militum
296 1744 560 1807 frequentes
585 1747 746 1793 adesse
769 1747 1016 1808 praetorio,
1037 1746 1391 1808 Aegyptiosque
1405 1755 1549 1804 vates,

79 1824 195 1872 quos
217 1811 333 1859 coeli
374 1829 426 1859 ac
460 1813 663 1860 siderum
700 1814 999 1875 peritissimos
1034 1829 1132 1861 esse
1166 1813 1401 1870 credebat,
1439 1814 1554 1874 quid

78 1877 308 1927 sentirent
342 1895 614 1942 expromere
641 1881 795 1943 jubet.
886 1882 954 1930 At
986 1881 1071 1938 illi,
1104 1880 1183 1944 qui
1217 1881 1330 1929 satis
1362 1880 1550 1939 scirent,

75 1951 338 2009 temporum
387 1948 523 1995 orbes
572 1948 764 2010 implere
815 1949 1071 1997 destinatas
1117 1948 1253 2006 vices,
1300 1948 1551 2010 lunamque

76 2011 289 2072 deficere,
315 2029 454 2076 quum
481 2026 561 2063 aut
595 2024 766 2063 terram
802 2017 995 2074 subiret,
1019 2025 1101 2065 aut
1124 2016 1221 2064 sole
1243 2024 1547 2079 premeretur,

75 2078 304 2130 rationem
337 2081 521 2143 quidem
564 2083 676 2146 ipsis
710 2093 975 2148 perceptam
1012 2100 1106 2132 non
1141 2083 1341 2132 edocent
1364 2083 1548 2147 vulgus,

78 2156 283 2196 ceterum
308 2148 553 2208 affirmant,
579 2151 722 2199 solem
750 2152 1037 2200 Graecorum
1073 2152 1228 2199 lunam
1260 2167 1360 2200 esse
1386 2151 1548 2200 Persa-

77 2228 180 2262 rum
201 2231 213 2263 :
249 2216 431 2277 quoties
454 2216 535 2265 illa
556 2217 760 2276 deficiat,
785 2221 965 2267 ruinam
1000 2228 1298 2282 stragemque
1320 2219 1410 2266 illis
1432 2235 1550 2281 gen-

78 2281 204 2330 tibus
227 2283 442 2345 portendi
469 2301 480 2331 :
517 2291 765 2347 veteraque
798 2288 1011 2351 exempla
1044 2294 1322 2350 percensent
1346 2286 1550 2335 Persidis

74 2363 257 2412 regum,
292 2365 409 2411 quos
442 2351 646 2401 adversis
679 2354 768 2402 diis
819 2370 1051 2418 pugnasse
1095 2355 1234 2402 lunae
1267 2353 1548 2403 ostendisset

75 2415 294 2465 desectio.
363 2417 509 2466 Nulla
532 2435 606 2468 res
626 2420 853 2470 efficacius
875 2422 1226 2471 multitudinem
1251 2421 1387 2483 regit.
1407 2436 1547 2484 quam

74 2485 376 2548 superstiti03
427 2486 632 2548 alioquin
676 2488 928 2552 impotens,
973 2505 1123 2547 saeva,
1170 2488 1421 2548 mutabilis,
1464 2489 1546 2536 ubi

74 2565 196 2600 vana
218 2551 443 2614 religione
475 2561 613 2617 capta
643 2563 729 2614 cst,
765 2557 927 2606 melius
960 2557 1144 2605 vatibus
1177 2570 1316 2617 quam
1350 2555 1548 2604 ducibus

74 2617 168 2667 suis
189 2628 339 2683 paret.
411 2619 560 2683 igitur
576 2621 704 2671 edita
719 2623 769 2671 in
779 2616 949 2687 'vulgus
964 2623 1306 2687 Aegyptiorum
1324 2638 1548 2688 responsa

73 2700 234 2735 rursus
255 2687 315 2735 ad
339 2704 466 2751 spem
491 2697 538 2737 et
561 2688 779 2738 fiduciam
803 2707 992 2740 erexere
1025 2698 1281 2755 torpentes.

141 2752 247 2804 XL.
281 2753 389 2803 Rex
412 2755 590 2819 impetu
614 2757 872 2806 animorum
904 2759 1134 2808 utendum
1170 2767 1316 2817 ratus,
1340 2759 1546 2807 secunda

76 2818 235 2884 vigilia
274 2830 426 2872 castra
464 2824 645 2873 movit:
683 2825 850 2875 dextra
884 2826 1064 2889 Tigrim
1099 2825 1318 2885 habebat,
1352 2843 1380 2874 a
1413 2826 1546 2874 laeva

77 2894 274 2948 montes,
298 2904 415 2952 quos
440 2890 681 2939 Gordaeos
713 2900 895 2944 vocant.
966 2893 1074 2943 Hoc
1096 2895 1307 2958 ingresso
1328 2893 1419 2940 iter
1439 2908 1543 2956 sps>

77 2949 320 3016 editores,
345 2958 426 3020 qui
447 2958 687 3022 praemissi
709 2968 859 3021 erant,
884 2961 973 3010 sub
1003 2960 1121 3011 lucis
1144 2968 1316 3019 ortum,
1343 2959 1548 3008 Darium

78 3017 329 3074 adventare
359 3027 712 3077 nunciaverunt.
800 3028 1050 3080 Instructo·
1086 3029 1233 3093 igitur
1284 3026 1444 3086 milite,
1492 3034 1553 3079 et,
