1721 3200
121 136 151 177 4»
481 135 722 191 QUINTI
761 136 997 183 CURTII
1035 136 1217 184 RUFI.

191 336 222 380 Ι.
264 336 413 380 INTER
437 335 549 382 haec
571 336 854 393 Alexander,
881 339 942 385 ad
975 339 1330 386 conducendum
1363 354 1423 386 ex
1446 340 1580 390 Pelo-

117 419 324 464 ponneso
358 402 551 450 militem
587 403 819 451 Cleandro
851 421 956 452 cum
989 407 1187 462 pecunia
1219 407 1371 464 misSO,
1409 407 1582 471 Lyciae

123 469 511 531 Pamphyliaeque
556 471 695 517 rebus
739 473 1019 534 compositis,
1068 474 1128 520 ad
1161 474 1322 520 urbem
1359 474 1582 523 Celaenas
1633 507 1636 510 <

117 537 368 584 exercitum
402 537 622 585 admovit.
694 539 899 587 Mediam
930 541 1012 588 illa
1045 546 1323 603 tempestate
1343 541 1580 590 interflue-

116 606 195 651 bat
218 604 429 666 Marsyas
453 605 615 663 amnis,
640 605 860 655 fabulosis
886 607 1172 656 Graecorum
1203 608 1486 657 carminibus
1506 611 1578 657 in-

115 673 282 733 clytus.
354 671 476 719 Fons
500 673 612 735 ejus,
639 689 697 720 ex
727 690 906 723 summo
939 676 1111 723 montis
1145 675 1382 723 cacumine
1415 693 1579 725 excur-

111 755 233 795 rens,
273 740 323 785 in
369 739 625 800 subjectam
669 748 849 804 petram
894 759 1066 806 magno
1112 744 1310 805 strepitu
1354 760 1576 806 aquarum
1628 806 1631 808 ‚

113 806 236 852 cadit
255 822 266 860 3
303 806 412 853 inde
435 808 645 865 diffusus,
670 809 988 872 circumjectos
1010 811 1136 872 rigat
1159 826 1358 872 campos,
1374 811 1577 873 liquidus

112 881 157 920 et
180 889 285 920 suas
311 874 541 923 duntaxat
564 876 714 924 undas
737 878 941 924 trahens.
1011 877 1178 939 Itaque
1211 878 1338 925 color
1361 878 1458 940 ejus
1482 880 1579 942 pla-

109 940 213 986 cido
234 942 350 988 mari
374 943 533 990 similis
557 943 710 991 locum
725 952 968 1007 poetarum
986 946 1228 992 mendacio
1243 945 1381 1000 fecit;
1407 947 1580 1009 quippe

108 1008 333 1055 traditum
357 1016 426 1057 est
449 1011 693 1073 nymphas,
720 1028 874 1059 amore
892 1013 1039 1060 amnis
1057 1019 1277 1070 retentas,
1295 1013 1347 1059 in
1363 1013 1444 1060 illa
1459 1030 1577 1077 rupe

108 1076 361 1123 considere.
431 1077 668 1135 Ceterum,
692 1080 914 1141 quamdiu
937 1081 1062 1129 intra
1083 1096 1239 1127 muros
1261 1081 1379 1138 fluit,
1406 1097 1575 1128 nomen

109 1159 241 1189 suum
288 1144 490 1201 retinet3
540 1156 588 1193 at
635 1163 779 1208 quum
813 1154 945 1194 extra
978 1147 1268 1195 munimenta
1301 1164 1350 1194 se
1383 1149 1573 1204 evolvit,

104 1211 278 1271 majore
311 1212 358 1258 vi
392 1228 446 1259 ac
479 1215 600 1260 mole
635 1223 852 1275 agentem
886 1216 1051 1273 undas,
1089 1215 1272 1278 Lycum
1317 1216 1570 1277 appellant.

103 1279 374 1326 Alexander
408 1280 596 1342 quidem
632 1283 794 1328 urbem
826 1283 1100 1331 destitutam
1123 1299 1150 1329 a
1172 1283 1266 1329 suis
1288 1282 1465 1337 intrat;
1501 1299 1576 1330 ar-

104 1361 203 1392 cem
226 1362 349 1404 vero,
376 1348 426 1393 in
450 1364 588 1410 quam
613 1349 936 1410 confugerant,
959 1366 1231 1413 oppugnare
1264 1350 1474 1406 adortus,
1498 1367 1573 1397 ca-

104 1414 400 1461 duceatorem
424 1418 660 1477 praemisit
693 1417 774 1478 qui
797 1418 1115 1475 denunciaret,
1154 1418 1202 1463 ni
1237 1417 1477 1473 dederent,
1503 1418 1573 1480 ip-

103 1496 176 1526 sos
199 1482 363 1529 ultima
387 1499 486 1530 esse
507 1500 738 1546 passuros,
810 1485 885 1531 Illi
920 1486 1285 1541 caduceatorem,
1321 1486 1372 1530 in
1406 1485 1571 1531 turrim

104 1558 150 1593 et
173 1549 266 1596 situ
290 1559 337 1597 et
361 1566 499 1612 opere
520 1553 720 1599 multum
744 1553 918 1599 editam
941 1553 1233 1614 perductum,
1254 1558 1429 1613 quanta
1452 1559 1573 1599 essct

103 1615 303 1663 altitudo
347 1618 521 1665 intueri
558 1619 745 1680 jubent,
793 1635 845 1666 ac
891 1621 1113 1666 nunciare
1145 1619 1431 1676 Alexandm,
1477 1634 1573 1665 non

103 1683 263 1730 eadem
285 1685 437 1746 ipsum
461 1692 509 1733 et
531 1687 705 1734 incolas
730 1688 1051 1735 aestimatione
1072 1686 1363 1734 munimenta
1384 1686 1568 1741 metiri3

102 1767 149 1796 se
171 1752 288 1798 scire
310 1753 695 1816 inexpugnabiles
719 1771 817 1802 esse
837 1772 847 1809 ;
883 1755 943 1801 ad
967 1755 1198 1810 ultimum,
1217 1768 1304 1816 pro
1321 1753 1415 1799 fide
1430 1751 1570 1799 mori-

101 1825 243 1865 turos.
316 1820 550 1878 Ceterum,
574 1832 628 1870 ut
653 1822 967 1869 circumsideri
991 1837 1142 1868 arcem
1166 1825 1214 1868 et
1236 1820 1393 1866 omnia
1413 1818 1500 1866 sibi
1520 1819 1568 1864 in

99 1885 197 1931 dies
233 1888 431 1936 arctiora
462 1889 682 1936 viderunt
716 1905 831 1945 esse,
868 1890 1110 1950 sexaginta
1144 1887 1325 1934 dierum
1357 1886 1570 1933 inducias

98 1953 236 2013 pacti,
263 1960 330 2012 ut,
355 1957 444 2002 nisi
482 1956 610 2005 intra
643 1973 721 2004 eos
755 1957 979 2004 auxilium
1015 1955 1189 2002 Darius
1222 1954 1320 2016 ipse
1352 1954 1566 2011 misisset,

99 2019 325 2069 dederent
349 2039 499 2070 arcem
519 2041 530 2080 ;
567 2032 812 2087 postquam
835 2024 952 2070 nihil
973 2023 1085 2069 inde
1107 2020 1326 2084 praesidii
1349 2021 1566 2068 mitteba—

98 2097 190 2143 tur,
216 2088 276 2134 ad
299 2091 624 2154 praestitutam
646 2093 770 2138 diem
793 2092 1041 2154 permisere
1064 2106 1113 2137 se
1135 2089 1249 2151 regi.

165 2154 230 2200 II·
269 2156 614 2218 Superveniunt
638 2159 809 2206 deinde
836 2159 981 2221 legati
1003 2155 1378 2212 Atheniensium,
1402 2160 1565 2229 peten-

100 2236 166 2267 tes
201 2232 256 2270 ut
290 2226 413 2286 capti
447 2228 572 2288 apud
609 2227 864 2273 Granicum
898 2241 1077 2273 amnem
1112 2224 1422 2271 redderentur
1458 2220 1563 2296 sibi:

104 2288 183 2334 [lle
206 2305 302 2337 non
336 2292 420 2339 hos
455 2294 607 2350 modo,
646 2294 727 2340 sed
762 2295 901 2341 etiam
936 2290 1112 2340 ceteros
1138 2291 1356 2344 Graecos,
1381 2292 1565 2334 restltul

98 2358 190 2402 suis
206 2357 447 2418 jussurum
470 2362 725 2422 respondit,
750 2362 883 2408 finito
905 2360 1092 2407 Persico
1114 2358 1256 2405 bello.
1325 2355 1560 2409 Ceterum,

98 2422 244 2469 Dario
289 2426 547 2484 imminens,
586 2445 722 2490 quem
756 2429 967 2475 nondum
1002 2426 1292 2489 Euphratem
1323 2435 1562 2496 super-asse

97 2502 392 2550 cognoverat,
412 2495 621 2557 undique
636 2511 795 2542 omnes
813 2496 967 2558 copias
991 2492 1237 2548 contrahit,
1252 2489 1364 2538 totis
1387 2487 1561 2532 Vlrlbus

95 2558 216 2604 tanti
231 2558 340 2604 belli
354 2561 597 2616 discrimen
614 2563 840 2610 aditurus.
895 2561 1097 2624 Phrygia
1114 2564 1213 2605 erat
1227 2571 1309 2618 per
1322 2569 1460 2616 quam
1474 2554 1559 2599 du-

97 2625 287 2671 cebatur
311 2629 552 2684 exercitus,
579 2631 789 2692 pluribus
812 2630 925 2676 vicis
948 2643 1087 2690 quam
1110 2625 1303 2671 urbibus
1322 2621 1554 2697 frequens.

99 2691 233 2738 Tunc
247 2692 449 2741 habebat
466 2698 700 2756 quondam
719 2698 921 2743 nobilem
936 2694 1094 2740 Midae
1106 2691 1304 2751 regiam3
1327 2687 1557 2764 Gordium

98 2773 266 2805 nomen
300 2767 371 2807 est
404 2762 523 2816 urbi,
550 2779 688 2824 quam
717 2762 968 2824 Sangarius
1001 2758 1148 2806 amnis
1181 2755 1423 2812 interfluit,
1459 2770 1558 2816 pari

98 2826 340 2873 intervallo
376 2826 573 2875 Pontico
619 2839 665 2877 et
701 2830 864 2878 Cilicio
904 2828 1020 2874 mari
1060 2823 1358 2872 distantem*
1430 2821 1559 2869 Inter

124 2943 165 3028 δ’
185 2914 320 3031 sataget
335 2940 396 2979 hic
413 2940 523 2980 locus
549 2944 741 2984 erroribus
767 2941 1042 2994 Geographicis
1069 2939 1206 2991 quibus
1232 2937 1374 2989 passim
1403 2937 1561 2981 Curtius

99 3005 121 3028 a
151 3004 202 3030 un
230 3005 253 3030 a
