1721 3200
568 131 775 179 LIBER
816 132 1125 182 TERTIUS.
1551 135 1580 181 5

108 271 224 320 haec
247 269 393 317 maria
414 268 790 330 angustissimum
817 270 958 318 Asiae
992 270 1193 332 spatium
1229 284 1328 316 esse
1361 269 1586 330 comperi-

110 354 229 396 mus,
241 342 442 399 utroque
458 335 506 382 in
526 342 678 384 arctas
694 336 850 383 fauces
875 337 1186 399 compellente
1203 343 1393 384 terram.
1452 335 1588 393 Quae

110 406 221 469 quia
241 403 503 452 continenti
526 403 763 460 adhaeret,
801 404 882 451 sed
919 420 1090 467 magna
1124 421 1181 452 ex
1218 410 1351 466 parte
1385 403 1591 464 cingitur

37 486 39 491 ’
111 472 344 528 fluctibus,
365 471 563 534 speciem
587 471 765 518 insulae
785 473 1007 534 praebet;
1046 488 1114 525 ac,
1141 472 1229 519 nisi
1264 479 1407 519 tenue
1430 471 1591 518 discri-

114 556 221 588 men
255 539 494 602 objiceret,
533 540 691 596 maria,
728 556 847 600 quae.
882 556 1008 586 nune
1041 539 1225 596 dividit,
1261 539 1589 587 committeret.

112 607 396 665 Alexander,
445 606 560 654 urbe
594 606 642 653 in
667 623 796 654 suam
833 608 1057 655 ditionem
1089 607 1291 661 redacta,
1316 606 1450 654 Jovis
1474 613 1590 654 tem-

114 676 240 739 plum
275 675 470 732 intrans,
505 673 783 730 vehiculum,
821 691 914 737 quo
952 675 1184 722 Gordium
1220 674 1379 721 Midae
1411 680 1590 736 patrem

111 751 299 792 vectum
322 759 422 790 esse
444 742 703 799 constabat,
730 744 928 804 aspexit,
953 743 1083 790 cultu
1119 742 1246 803 haud
1282 757 1394 789 sane
1426 758 1453 788 a
1489 741 1589 787 vili-

111 810 270 858 oribus
292 810 587 873 vulgatisque
609 826 695 857 usu
720 810 987 858 abhorrens.
1059 810 1281 858 Notabile
1304 816 1405 857 erat
1420 809 1590 871 jugum

111 878 387 927 adstrictum
422 877 737 940 compluribus
773 878 907 925 nodis
942 879 990 924 in
1027 878 1297 940 semetipsos
1330 876 1591 940 implicatis,

113 955 162 994 et
186 945 446 994 celantibus
468 961 630 992 nexus.
704 945 876 993 Incolis
911 946 1081 993 deinde
1115 945 1469 1000 affirmantibus,
1494 944 1591 991 edi-

115 1024 210 1061 tam
234 1029 334 1061 esse
359 1013 548 1061 oraculo
571 1020 757 1069 sortem,
785 1014 926 1060 Asiae
950 1014 1210 1075 potiturum
1235 1013 1315 1075 qui
1338 1012 1590 1075 inexplica-

115 1080 208 1129 bile
253 1081 491 1128 vineulum
539 1080 786 1135 solvisset;
837 1081 1007 1144 cupido
1043 1081 1232 1128 incessit
1267 1080 1422 1127 animo
1457 1080 1594 1127 sortis

113 1148 214 1211 ejus
236 1147 516 1211 implendae.

183 1215 276 1263 III.
313 1215 451 1263 Circa
473 1232 632 1277 regem
659 1224 760 1264 erat
795 1224 840 1263 et
868 1215 1111 1278 Phrygum
1135 1216 1276 1264 turba
1299 1222 1348 1263 et
1372 1215 1593 1263 Macedo-

114 1300 259 1339 num;
294 1283 375 1331 illa
399 1283 723 1346 expectatione
747 1299 983 1346 suspensa,
1010 1284 1125 1330 haec
1148 1284 1346 1332 sollicita
1368 1299 1426 1330 ex
1450 1293 1593 1331 teme—

115 1351 238 1399 raria
269 1352 395 1414 regis
427 1351 613 1399 fiducia.
687 1352 886 1413 Quippe,
925 1352 1042 1398 serie
1083 1351 1377 1399 vinculorum
1411 1351 1478 1399 ita
1511 1351 1594 1398 ad-

114 1419 292 1476 stricta,
317 1426 386 1477 ut,
412 1419 540 1467 unde
565 1436 713 1466 nexus
729 1420 963 1481 'inciperet
986 1426 1139 1481 quove
1173 1436 1222 1466 se
1245 1418 1483 1475 conderet,
1510 1434 1596 1466 nec

115 1487 300 1536 ratione
322 1503 410 1535 nec
433 1488 535 1534 visu
570 1487 744 1549 percipi
778 1493 949 1549 posset,
985 1488 1163 1534 solvere
1198 1502 1445 1548 aggressus
1479 1485 1594 1548 inje-

27 1602 30 1606 ,
115 1563 243 1603 cerat
265 1571 442 1612 curam,
477 1571 536 1602 ne
570 1556 618 1600 in
655 1570 791 1601 omen
826 1563 1087 1602 verteretur
1121 1555 1305 1603 irritum
1340 1554 1595 1617 inceptum.

121 1622 204 1669 [lle
226 1637 520 1685 nequaquam
545 1621 624 1668 diu
650 1622 854 1669 luctatus
878 1639 983 1669 eum
1005 1623 1260 1670 latentibus
1285 1621 1451 1675 nodis;
1477 1627 1490 1650 ‘
1510 1621 1596 1668 Ni-

114 1687 212 1747 hil,'
257 1689 427 1752 inquit,
463 1689 686 1736 ‘interest
732 1690 965 1750 quomodo
1013 1691 1253 1738 solvantur
1272 1689 1299 1745 3'
1344 1689 1595 1752 gladioque

115 1757 268 1820 ruptis
292 1757 509 1815 omnibus
533 1756 657 1813 loris,
685 1758 859 1804 oraculi
896 1765 1066 1805 sortem
1102 1758 1176 1805 vel
1210 1758 1365 1815 elusit,
1401 1757 1474 1804 vel
1510 1758 1595 1803 im-

116 1824 276 1888 plevit.
349 1824 467 1872 Cum
493 1824 664 1871 deinde
690 1824 902 1882 Darium,
924 1826 1191 1888 ubieunque
1215 1832 1351 1883 esset,
1368 1841 1596 1888 occupare

113 1891 388 1949 statuissem
424 1899 478 1940 ut
514 1907 540 1939 a
586 1901 721 1954 tergo
770 1900 874 1940 tuta
910 1893 1208 1955 relinqueret,
1247 1892 1594 1955 Amphoterum

116 1958 253 2007 classi
276 1959 336 2007 ad
362 1975 488 2007 oram
525 1959 837 2022 Hellesponti,
875 1961 1020 2023 copiis
1054 1968 1209 2010 autem
1243 1960 1466 2023 praefecit
1497 1959 1596 2007 He-

115 2025 380 2088 gelochum,
406 2026 609 2074 Lesbum
634 2034 682 2074 et
709 2028 878 2074 Chium
904 2038 952 2076 et
978 2029 1080 2075 Con
1115 2028 1358 2091 praesidiis
1392 2028 1596 2076 hostium

117 2094 412 2142 liberaturos.
482 2094 574 2142 His
598 2095 777 2143 talenta
800 2096 860 2143 ad
884 2096 994 2143 belli
1020 2113 1153 2143 usum
1179 2097 1440 2159 quingenta
1463 2096 1595 2144 attri-

118 2163 247 2210 buta.
321 2161 401 2208 Ad
415 2161 734 2225 Antipatrum,
756 2171 804 2212 et
828 2180 906 2211 eos
925 2165 1004 2227 qui
1026 2165 1230 2212 Graecas
1248 2166 1387 2212 urbes
1402 2164 1598 2212 tueban-

119 2238 212 2288 tur,
233 2235 455 2277 sexcenta
477 2230 628 2278 missa.
700 2229 772 2277 Ex
797 2232 983 2280 foedere
1007 2248 1148 2280 naves
1172 2233 1307 2279 sociis
1330 2233 1597 2294 imperatae,

118 2313 241 2360 quae
275 2296 589 2358 Hellesponto
623 2299 956 2361 praesiderent.
1028 2300 1255 2347 Nondum
1289 2299 1412 2346 enirn
1448 2298 1598 2346 Mem-

116 2380 246 2413 nona
268 2365 367 2412 vita
391 2365 638 2413 excessisse
661 2375 962 2429 cognoverat,
995 2368 1045 2414 in
1081 2384 1218 2431 quem
1252 2383 1412 2414 omnes
1444 2366 1599 2415 inten-

117 2434 256 2482 derat
290 2449 461 2488 curas;
499 2434 610 2480 satis
642 2449 832 2495 gnarus,
868 2444 1038 2483 cuneta
1073 2436 1121 2482 in
1157 2434 1376 2497 expedito
1409 2433 1523 2491 fore,
1561 2435 1599 2481 si

116 2499 236 2548 nihil
284 2501 344 2548 ab
377 2517 433 2548 eo
467 2509 749 2548 1110ve.retur
815 2502 1016 2566 Jamque
1061 2503 1121 2550 ad
1162 2503 1324 2550 urbem
1360 2502 1596 2565 Ancyram

67 2612 69 2614 .
119 2575 315 2618 ventum
339 2576 452 2625 erat,
479 2569 560 2615 ubi
585 2581 779 2615 numero
812 2570 1049 2633 copiarum
1084 2570 1203 2618 inito
1227 2569 1595 2633 Paphlagoniam

119 2635 283 2685 intrat.
352 2635 482 2684 Huic
498 2635 654 2698 juncti
676 2644 811 2683 crant
835 2636 992 2694 Eneti,
1019 2638 1144 2685 unde
1175 2637 1364 2700 quidam
1388 2636 1597 2686 Venetos

120 2703 309 2752 trahere
331 2704 558 2767 originem
584 2703 814 2759 credunt;
853 2705 1095 2768 omnisque
1128 2704 1242 2753 haec
1276 2704 1407 2767 regio
1441 2703 1596 2768 paruit

120 2770 255 2834 tegi:
291 2771 508 2835 datisque
532 2770 786 2829 obsidibus,
806 2771 1036 2821 tributum
1062 2771 1210 2837 (quod
1233 2789 1294 2820 ne
1319 2772 1473 2822 Persis
1496 2771 1599 2833 qui·

123 2834 231 2886 dnn
270 2838 510 2904 tulissent)
552 2839 760 2903 pendere
805 2854 864 2887 ne
897 2850 1178 2920 cogerentur
1210 2841 1597 2917 impetraverunt:

126 2901 265 2953 Calas
282 2905 396 2955 huic
417 2907 597 2970 regioni
622 2907 912 2970 praepositus
947 2917 1048 2958 est.
1082 2909 1196 2972 ipse,
1233 2906 1481 2970 assumptis
1515 2905 1594 2968 qui

124 2985 181 3020 ex
204 2967 482 3023 Macedonia
504 2990 656 3038 nuper
677 2974 982 3036 advenerant,
1006 2975 1349 3040 Cappadociam
1377 2972 1529 3037 petiit.

804 3059 903 3106 A2
