1721 3200
237 196 298 240 fic
603 192 841 251 QUlNTI
877 193 1111 241 cURTn
1147 175 1309 242 Ruri

236 336 475 381 terrerent,
511 328 792 389 pavidosque
825 343 965 388 equos
989 329 1091 376 telis
1114 328 1345 388 utrimque
1376 320 1675 370 suffoderent.

232 395 326 451 Qui
358 393 572 440 cornibus
596 402 851 456 praeerant,
887 395 1138 443 extendere
1169 411 1224 442 ea
1248 391 1382 455 jussi,
1417 388 1485 436 ita
1511 394 1572 457 *ut
1592 403 1682 435 nec

231 460 684 518 circumvenirentur,
705 462 742 508 si
763 462 931 510 arctius
950 468 1126 509 starent
1148 478 1160 517 ;
1196 477 1282 508 nec
1303 467 1458 508 tamen
1479 455 1677 502 mediam

232 529 375 574 aciem
415 527 717 575 exinanirent.
812 529 1145 590 Impedimenta
1180 544 1284 576 cum
1316 524 1523 588 captivis,
1556 522 1683 570 inter

233 611 345 656 quos
369 600 515 642 mater
531 595 753 655 liberique
776 595 923 642 Darii
944 596 1336 651 custodiebantur,
1370 591 1496 639 haud
1515 589 1678 652 procul

230 662 326 708 acie
348 661 398 707 in
432 661 560 709 edito
591 663 707 709 colle
730 663 1001 718 constituit;
1038 663 1218 710 modico
1241 659 1469 724 praesidio
1501 656 1680 705 relict0.

234 729 439 775 Laevum
463 745 620 785 cornu,
647 730 765 776 sicut
782 730 908 790 aliam,
937 729 1228 776 Parmenioni
1250 721 1680 777 tuendum'datum.

234 795 337 856 Ipse
359 795 409 841 in
432 796 597 843 dextro
616 797 780 844 stabat.
852 797 1072 843 Nondum
1090 797 1150 843 ad
1170 796 1251 844 teli
1264 795 1445 858 jactum
1460 808 1683 856 pervene-

235 868 369 917 rant3
408 879 550 924 quum
587 863 707 910 Bion
743 864 929 925 quidam
973 864 1226 926 transfuga,
1275 868 1450 925 quanto
1479 861 1682 910 maximo

235 946 371 975 cursu
404 936 632 990 potuerat,
674 931 733 977 ad
767 947 922 992 regem
955 931 1167 992 pervenit
1199 930 1438 986 nuncians,
1487 929 1684 977 murices

232 997 401 1043 ferreos
423 997 471 1042 in
499 1004 666 1044 terram
700 997 928 1044 defodisse
951 998 1164 1056 Darium,
1188 1014 1278 1059 qua
1299 998 1478 1044 hostem
1501 996 1683 1058 equites

233 1064 500 1109 emissurum
524 1079 620 1110 esse
635 1065 853 1112 credebat
872 1082 881 1112 :
903 1072 1204 1125 notatumque
1218 1071 1346 1113 certo
1364 1064 1497 1124 signo
1510 1063 1681 1121 locum,

232 1139 283 1177 ut
305 1130 429 1177 fraus
453 1131 615 1178 evitari
638 1148 665 1178 a
686 1132 779 1178 suis
793 1139 963 1193 posset.
1011 1133 1252 1179 Asservari
1276 1132 1518 1192 transfuga
1531 1127 1679 1191 jusso,

233 1197 372 1243 duces
428 1208 651 1247 convocat
671 1216 680 1245 ε
740 1199 1043 1260 expositoque
1076 1200 1199 1260 quod
1254 1197 1526 1246 nunciatum
1565 1205 1681 1255 erat,

232 1273 403 1317 monet,
430 1272 482 1311 ut
505 1266 738 1326 regionem
773 1272 1074 1313 monstratam
1109 1266 1355 1322 declinent,
1390 1264 1682 1326 equitemque

231 1331 484 1391 periculum
507 1332 744 1379 edoceant.
817 1333 1033 1380 Ceterum
1056 1333 1143 1379 hoc
1165 1340 1323 1381 tantus
1347 1331 1575 1379 exercitus
1601 1348 1680 1380 ex·

231 1398 390 1444 audire
412 1414 507 1443 non
530 1405 720 1460 poterat,
758 1415 889 1446 usum
923 1400 1102 1446 aurium
1142 1399 1465 1462 intercipiente
1496 1398 1683 1448 fremitu

231 1465 428 1510 <luorum
463 1465 728 1526 agminum;
765 1467 846 1512 sed
867 1467 917 1512 in
951 1474 1199 1528 conspectu
1234 1468 1438 1514 omnium
1460 1466 1601 1514 duces
1635 1474 1681 1514 et

234 1532 493 1592 proximum
515 1547 741 1594 quemque
759 1533 1091 1594 interequitans
1114 1534 1447 1596 alloquebatur.

299 1598 430 1644 LIV.
469 1600 545 1646 14.
573 1599 784 1647 Emensis
802 1606 873 1648 tot
891 1608 1035 1647 terras
1051 1601 1102 1646 in
1119 1617 1244 1663 spem
1260 1601 1493 1658 victoriae,
1514 1599 1574 1647 de
1591 1615 1682 1660 qua

234 1666 543 1712 dimicandum
568 1667 705 1726 foret,
727 1669 814 1714 hoc
837 1684 982 1714 unum
1005 1683 1240 1729 superesse
1263 1668 1508 1715 discrimen
1527 1683 1539 1723 ;
1560 1667 1680 1715 Gra-

232 1733 385 1778 nicum
421 1732 496 1779 hic
530 1749 725 1792 amnem,
763 1734 1041 1796 Ciliciaeque
1074 1744 1268 1792 montes,
1304 1741 1352 1783 et
1383 1735 1564 1798 Syriam
1586 1734 1682 1782 Ae-

230 1806 516 1861 gyptumque
538 1802 864 1862 praeeuntibus
880 1809 1047 1863 raptas,
1071 1802 1281 1863 ingentia
1302 1804 1398 1864 spei
1415 1802 1682 1864 gloriaeque

231 1866 541 1925 incitamenta,
588 1868 813 1916 referebat
839 1886 849 1915 ε
898 1869 1221 1930 Reprehensos
1262 1886 1319 1916 ex
1361 1869 1471 1931 fuga
1517 1869 1684 1916 Persas

230 1940 529 1993 pugnaturos,
555 1936 664 1996 quia
684 1935 844 1996 fugere
861 1951 955 1982 non
976 1942 1193 1996 possent:
1230 1935 1419 1984 tertium
1444 1936 1568 1982 diem
1579 1934 1679 1996 jam

233 2008 358 2046 metu
381 2015 642 2061 exsangues,
668 2003 804 2049 armis
828 2003 921 2048 suis
939 2008 1165 2059 oneratOS,
1199 2003 1248 2049 in
1283 2003 1443 2050 eodem
1477 2001 1678 2063 vestigio

228 2066 446 2113 haerere:
484 2068 678 2114 Nullum
701 2068 1031 2130 desperationis
1053 2069 1240 2115 illorum
1274 2069 1419 2130 majus
1452 2069 1675 2115 indicium

231 2148 342 2187 esse,
369 2147 504 2192 quam
528 2136 651 2193 quod
673 2137 824 2192 urbeS,
851 2137 972 2195 quod
1005 2151 1133 2197 agros
1156 2153 1262 2184 suos
1286 2143 1504 2191 urerent;
1540 2135 1675 2196 quid-

232 2199 343 2260 quid
367 2215 459 2247 non
495 2202 816 2263 corrupissent,
853 2203 1053 2250 hostium
1086 2219 1184 2250 esse
1215 2203 1437 2251 confessi:
1472 2203 1678 2250 Nomina

231 2266 368 2313 modo
390 2282 509 2313 vana
530 2268 740 2327 gentium
761 2269 1021 2330 ignotarum
1038 2286 1097 2317 ne
1119 2271 1468 2323 extimescerent
1491 2287 1503 2317 :
1522 2268 1680 2330 'neque

232 2334 352 2379 enim
375 2333 435 2379 ad
457 2334 567 2380 belli
599 2335 843 2382 discrimen
878 2337 1122 2398 pertinere,
1161 2338 1239 2399 qui
1272 2339 1331 2385 ab
1363 2338 1435 2385 his
1459 2335 1676 2399 Scythae,

233 2401 365 2458 quive
403 2400 589 2448 Cadusii
624 2403 941 2465 appellentur:
980 2403 1056 2450 Ob
1082 2404 1131 2450 id
1164 2405 1329 2466 ipsum,
1366 2403 1490 2465 quod
1521 2402 1675 2464 ignoti

233 2474 401 2523 essent,
429 2467 655 2528 ignobiles
679 2485 805 2517 esse:
844 2471 1093 2532 Nunquam
1116 2471 1319 2532 ignorari
1341 2471 1462 2517 viros
1492 2469 1635 2516 fortes
1660 2485 1679 2518 :.

232 2543 281 2578 at
304 2533 508 2581 imbelles
531 2551 588 2582 ex
617 2536 805 2584 latebris
828 2538 920 2584 suis
943 2544 1113 2595 erutos,
1137 2538 1253 2584 nihil
1284 2543 1466 2601 praeter
1487 2535 1675 2583 nomina

231 2599 416 2646 afferre:
454 2602 729 2651 Macedones
752 2604 924 2652 virtute
942 2613 1222 2665 assequutos,
1246 2620 1307 2652 ne
1322 2604 1422 2666 quis
1437 2608 1539 2651 toto
1561 2603 1675 2649 orbe

229 2666 356 2712 locus
380 2674 512 2724 esset,
539 2670 617 2730 qui
641 2671 757 2718 tales
789 2672 909 2718 viros
932 2672 1170 2733 ignoraret
1193 2689 1205 2719 ε
1240 2671 1542 2728 Intuerentur
1564 2669 1671 2716 bar'-

232 2733 447 2778 batorum
471 2733 761 2785 inconditum
795 2754 960 2799 agmen
986 2755 997 2785 ε
1034 2739 1174 2785 alium
1195 2737 1314 2785 nihil
1336 2742 1516 2799 praeter
1539 2736 1672 2798 ,ἰθαι-

225 2799 322 2845 lum
338 2797 535 2855 habere3
569 2803 708 2850 alium
729 2804 875 2851 funda
896 2821 1006 2852 saxa
1026 2805 1194 2852 librare
1217 2822 1229 2852 :
1262 2804 1418 2866 paucis
1443 2803 1574 2865 justa
1595 2818 1670 2850 ar-

229 2879 304 2912 ma
326 2881 424 2912 aese
447 2882 460 2922 ;
497 2866 659 2928 Itaque
690 2871 816 2918 illinc
849 2871 1004 2933 plures
1025 2878 1179 2920 stare:
1210 2870 1319 2918 hinc
1348 2870 1504 2932 plures
1535 2869 1671 2917 dimi-

228 2938 438 2980 caturos:
475 2932 577 2980 Nec
598 2938 831 2996 postulare
865 2954 927 2997 se,
951 2944 1004 2986 ut
1024 2938 1207 2986 fortiter
1228 2943 1517 2999 capesserent
1537 2951 1670 3000 proe-

231 2998 356 3058 lium,
381 2999 426 3046 ni
460 2999 558 3062 ipse
591 3004 751 3051 ceteris
785 3004 1069 3054 fortitudinis
1098 3003 1260 3054 fuisset
1291 3005 1587 3068 exemplunm
1621 3021 1678 3054 se
