1721 3200
549 156 752 208 LIBER
788 153 1096 206 TERTIUS.
1480 158 1541 205 21

101 289 342 341 Persarum
364 292 540 354 equites
560 291 773 341 ferociter
805 292 855 340 in
876 291 1056 339 laevum
1080 307 1223 340 cornu
1243 293 1444 342 hostium
1479 294 1549 339 in-

101 359 222 410 vecti
243 366 366 410 sunt.
436 360 621 424 Qiuppe
667 358 837 407 Darius
868 359 1066 420 equestri
1100 360 1272 437 praelio
1306 360 1554 408 decernere

102 427 309 490 opnbst,
350 426 619 491 phalangem
664 426 953 475 Macedonici
999 427 1229 475 exercitus
1260 428 1401 475 robur
1455 443 1555 474 esse

102 493 395 557 oonjeetsm3
423 495 611 558 jamque
655 494 793 543 etiam
829 494 1044 542 dextrum
1101 494 1357 542 Alexandri
1407 509 1553 542 cornu

100 561 443 611 circumibatur.
495 560 635 620 Quod
662 562 737 609 ubi
764 560 959 609 Macedo
982 562 1237 624 conspexit,
1260 563 1438 609 duabus
1471 560 1555 610 alis

102 629 306 692 equitum
339 629 400 677 ad
436 628 597 691 jugum
631 629 800 678 montis
824 628 966 691 jussis
1000 629 1261 688 subsistere,
1296 640 1473 678 ceteros
1506 628 1555 676 in

101 696 302 745 medium
334 696 444 744 belli
486 697 730 744 discrimen
764 703 952 745 strenue
986 697 1219 745 transfert.
1306 696 1555 744 Subductis

100 762 270 812 deinde
308 779 367 812 ex
404 764 502 812 acie
536 764 768 813 Thessalis
799 764 1043 825 equitibus,
1086 764 1364 826 praesectum
1397 779 1555 811 eorum

101 831 282 880 occulte
311 832 552 879 circumire
569 840 749 894 tergum
782 847 968 879 suorum
992 831 1143 894 jubet,
1171 830 1556 892 Parmenionique

100 897 338 962 conjungi,
362 899 585 977 etquod
574 916 611 947 is
634 898 903 963 imperasset
936 900 1133 961 impigre
1154 900 1357 960 exsequi.
1423 899 1554 946 Jam-

99 980 189 1027 que
233 966 322 1029 ipsi
371 966 420 1013 in
471 966 670 1014 medium
724 962 1019 1031 [Persarum]
1057 967 1261 1027 undique
1293 965 1556 1014 circumfusi

99 1033 287 1096 egregie
309 1050 358 1081 se
391 1035 656 1082 tuebantur.
726 1034 819 1081 Sed
842 1035 1056 1089 conserti,
1082 1043 1129 1082 et
1153 1035 1281 1095 quasi
1305 1035 1556 1081 cohaeren-

99 1106 187 1158 tes,
221 1100 316 1149 tela
337 1101 519 1148 vibrare
552 1117 647 1148 non
681 1109 932 1163 poterant:
969 1102 1104 1148 simul
1138 1110 1272 1149 erant
1303 1102 1481 1157 emissa,
1507 1101 1556 1146 in

99 1166 287 1215 eosdem
310 1169 634 1216 concurrentia
653 1169 1024 1232 implicabantur,
1050 1168 1230 1230 levique
1253 1176 1302 1217 et
1319 1184 1439 1216 vano
1461 1168 1556 1215 ictu

98 1248 246 1297 pauca
277 1235 325 1282 in
360 1235 556 1292 hostem,
592 1236 725 1299 plura
768 1236 816 1283 in
840 1237 1032 1284 humum
1065 1236 1258 1284 innoxia
1289 1236 1519 1283 cadebant
1544 1252 1555 1282 :

101 1316 216 1364 ergo
237 1302 445 1351 cominus
467 1319 670 1366 pugnam
702 1305 848 1351 coacti
872 1320 1126 1360 conserere,
1151 1303 1332 1366 gladios
1361 1304 1558 1366 impigre

99 1369 352 1432 stringunt.
423 1371 544 1417 Tum
591 1387 699 1419 vero
744 1372 940 1419 multum
975 1372 1211 1434 sanguinis
1256 1371 1405 1418 susum
1452 1379 1553 1418 est:

97 1435 218 1485 duae
250 1439 419 1501 quippe
440 1439 561 1487 acies
582 1440 649 1487 ita
671 1439 992 1497 cohaerebant,
1018 1448 1070 1487 ut
1092 1439 1230 1486 armis
1253 1454 1381 1486 arma
1403 1437 1557 1501 pulsa-

96 1511 217 1563 rent,
240 1520 484 1554 mucrones
505 1507 554 1554 in
577 1523 659 1554 ora
679 1507 949 1568 dirigerent.
1018 1506 1127 1553 Non
1151 1506 1330 1564 timido,
1356 1520 1451 1553 non
1485 1505 1557 1567 ig·

97 1586 218 1620 navo
239 1588 417 1622 cessare
438 1582 538 1623 tum
561 1575 691 1623 licuit
710 1591 721 1630 ;
747 1573 916 1622 collato
939 1574 1070 1637 pede,
1093 1574 1219 1636 quasi
1242 1573 1410 1635 singuli
1435 1572 1558 1621 inter

94 1653 145 1686 ae
164 1637 453 1698 dimicarent,
478 1641 527 1688 in
550 1642 713 1689 eodem
730 1641 927 1703 vestigio
942 1642 1141 1697 stabant,
1161 1640 1309 1690 donec
1328 1640 1558 1689 vincendo

96 1705 247 1754 locum
281 1707 368 1755 sibi
402 1707 623 1757 facerent.
692 1708 813 1756 Tum
858 1708 1042 1756 demum
1076 1725 1190 1772 ergo
1223 1708 1558 1771 promovebant

90 1774 310 1838 gradum,
345 1789 484 1837 quum
521 1776 701 1825 hostem
738 1783 1100 1840 prostraverant.
1170 1777 1237 1824 At
1270 1777 1376 1823 illos
1409 1789 1557 1822 novus

89 1842 350 1908 excipiebat
372 1844 663 1892 adversarius
697 1844 918 1906 fatigatos
938 1862 948 1892 :
985 1859 1071 1891 nec
1094 1843 1338 1900 vulnerati,
1365 1851 1417 1891 ut
1441 1842 1554 1890 alias

89 1911 256 1969 solent,
298 1912 397 1961 acie
429 1920 647 1975 poterant
682 1912 921 1970 excedere,
954 1926 1095 1974 quum
1120 1910 1267 1960 hostis
1301 1912 1495 1960 instaret
1527 1925 1556 1958 a

89 1978 259 2037 fronte,
283 1995 312 2028 a
333 1987 468 2042 tergo
489 1980 560 2028 sui
584 1986 818 2042 urgerent.

158 2044 294 2095 XXV
303 2046 337 2095 1.
373 2048 642 2098 Alexander
665 2064 759 2095 non
782 2046 912 2094 ducis
937 2046 1084 2108 magis
1105 2060 1241 2107 quam
1268 2045 1428 2094 militis
1451 2060 1551 2092 mu-

91 2127 205 2161 nera
225 2115 571 2175 exsequebatur,
596 2116 800 2178 opimum
820 2114 960 2161 decus
978 2129 1110 2162 caeso
1135 2113 1269 2175 Rege
1291 2121 1514 2175 expetens
1538 2131 1549 2160 :

91 2180 261 2243 quippe
295 2179 466 2229 Darius
509 2197 646 2231 curru
681 2182 888 2231 sublimis
920 2181 1168 2238 eminebat,
1204 2189 1253 2229 et
1286 2182 1379 2228 suis
1412 2180 1473 2227 ad
1505 2196 1555 2228 se

92 2247 334 2302 tuendum.
351 2255 401 2297 et
421 2248 631 2299 hostibus
647 2250 707 2299 ad
732 2248 1068 2305 incessendum,
1093 2248 1258 2310 ingens
1280 2248 1553 2295 incitamen·

93 2324 209 2364 tum.
304 2314 432 2378 Ergo
463 2316 606 2366 frater
639 2317 737 2379 ejus
773 2316 1024 2373 Oxathres,
1054 2331 1195 2376 quum
1231 2314 1551 2363 Alexandrum

90 2382 265 2432 instare
286 2382 327 2431 ci
351 2391 576 2441 cerneret,
607 2385 783 2446 equites
818 2384 982 2445 quibus
1016 2390 1226 2446 praeerat
1260 2391 1369 2431 ante
1402 2382 1551 2444 ipsum

92 2464 277 2498 currum
301 2450 424 2512 regis
446 2450 641 2514 objecit;
676 2452 818 2500 armis
850 2460 898 2499 ct
931 2451 1096 2498 robore
1119 2449 1322 2512 corporis
1356 2448 1552 2498 multum

93 2532 234 2581 super
255 2526 435 2566 ceteros
469 2518 691 2575 eminens,
715 2520 871 2567 animo
895 2532 1003 2566 vero
1026 2526 1074 2564 et
1097 2517 1270 2579 pietate
1302 2516 1352 2564 in
1374 2516 1552 2580 paucis·

93 2584 236 2642 simis,
270 2584 353 2635 illo
376 2586 535 2647 utique
555 2586 743 2648 praelio,
768 2587 932 2642 clarus,
957 2584 1071 2632 alios
1094 2583 1351 2647 improvide
1373 2584 1551 2633 instan-

71 2654 164 2701 ἰα
195 2654 460 2714 prostravit,
495 2653 653 2701 alios
642 2669 691 2701 in
723 2654 878 2716 sugun
914 2651 1100 2700 auertit
1164 2651 1234 2701 At
1257 2649 1551 2705 Macedones.

93 2727 148 2769 ut
183 2719 308 2769 circa
340 2735 490 2782 regem
524 2727 671 2779 erant,
706 2730 868 2769 mutua
899 2719 1208 2768 adhortatone
1239 2719 1424 2774 firmati,
1448 2733 1553 2767 cuin

94 2785 195 2850 ipo
226 2787 276 2836 in
309 2788 515 2848 equitum
550 2804 719 2851 agmen
752 2787 1030 2850 irrumpunt·
1098 2785 1218 2835 Tum
1252 2801 1362 2834 vero
1393 2784 1553 2833 similis

51 2852 453 2918 *venusti-qe·
484 2863 603 2905 erat.
670 2856 808 2903 Circa
839 2868 1022 2903 currum
1057 2852 1192 2901 Darii
1216 2853 1437 2916 jacebant
1467 2866 1553 2900 no-

96 2917 304 2969 bili-imi
326 2921 481 2981 duces,
504 2931 615 2973 ante
631 2923 786 2971 oculos
808 2923 933 2985 regis
947 2921 1131 2984 egregia
1154 2928 1304 2970 morte
1326 2918 1551 2976 defuncti,

98 2998 257 3037 ome·
274 2987 325 3040 in
345 3004 429 3038 ora
451 2990 602 3055 proni,
635 2991 751 3040 sicut
785 2989 1058 3042 dimicantes
1081 2988 1436 3053 procubuerant,
1468 2985 1551 3037 ad·
