1721 3200
79 151 142 197 24
451 148 690 207 QUINTI
726 147 961 197 CURTII
995 148 1159 197 RUFI

78 286 168 334 tari
202 285 370 332 deinde
415 284 586 330 amicos
620 283 782 344 quibus
829 284 1026 331 maxime
1059 291 1321 333 assueverat
1356 284 1530 347 jussit:
1614 279 1619 289 '

80 354 247 415 quippe
282 365 460 398 summa
493 351 721 398 duntaxat
743 350 861 399 cutis
895 352 945 398 in
977 351 1152 398 femore
1172 352 1417 414 perstricta
1436 367 1533 401 non

77 420 354 483 prohibebat
374 419 597 466 interesse
619 418 830 465 convivio
849 436 860 474 3
897 433 1037 479 quum
1058 426 1250 480 repente
1273 435 1299 466 e
1319 420 1533 482 proximo

76 486 374 535 tabernaculo
397 486 604 547 lugubris
626 486 812 543 clamor,
837 487 1034 532 barbaro
1055 485 1234 534 ululatu
1255 487 1535 550 planctuque

75 554 337 617 permistus,
380 553 618 616 epulantes
662 554 924 601 conterruit.
997 553 1173 601 Cohors
1196 569 1374 615 quoque
1418 569 1534 616 quae
1574 604 1583 613 ‚

77 621 335 668 excubabat
357 621 417 667 ad
439 621 787 669 tabernaculum
810 621 949 683 regis,
966 620 1116 668 verita
1136 637 1197 668 ne
1220 622 1407 684 majoris
1429 638 1530 670 mo-

74 700 149 736 tus
171 688 449 751 principium
466 696 599 746 esset,
625 688 809 736 armare'
826 703 875 736 se
898 696 1128 750 coeperat.
1199 688 1352 737 Causa
1384 705 1528 753 pavo-

75 757 138 803 ris
161 756 302 803 subiti
323 756 426 814 fuit,
462 757 586 816 quod
610 763 757 803 mater
779 770 984 816 uxorque
1008 755 1156 813 Darii,
1193 772 1299 803 cum
1332 757 1528 820 captivis

77 823 346 871 mulieribus
398 824 644 880 nobilibus,
692 838 865 885 regem,
913 838 1047 884 quem
1094 823 1391 873 interfectum
1431 841 1528 873 esse

76 891 342 948 credebant,
366 891 550 953 ingenti
571 891 749 953 gemitu
783 890 1043 952 ejulatuque
1078 890 1328 941 deflebant.
1396 892 1531 939 Unus

74 973 274 1019 namque
314 974 340 1006 e
374 959 562 1021 captivis
590 958 885 1020 spadonibus,
920 959 998 1019 qui
1031 957 1152 1005 forte
1185 966 1295 1007 ante
1326 960 1530 1020 ipsarum

73 1026 422 1074 tabernaculum
466 1032 673 1083 steterat,
698 1026 960 1083 amiculum,
998 1025 1123 1086 quod
1161 1025 1348 1084 Darius,
1398 1025 1533 1090 (sicut

73 1094 211 1155 paulo
245 1098 354 1141 ante
387 1093 561 1141 dictum
597 1092 686 1156 est)
723 1108 783 1139 ne
815 1094 940 1141 cultu
974 1093 1263 1155 proderetur,
1288 1093 1531 1156 abjecerat,

73 1163 125 1207 in
159 1162 371 1208 manibus
406 1160 504 1222 ejus
537 1161 613 1220 qui
646 1168 881 1222 repertum
915 1160 1107 1218 ferebat,
1126 1161 1348 1222 agnovit3
1383 1168 1533 1210 ratus-

73 1243 161 1288 que
193 1229 439 1276 interfecto
471 1228 729 1275 detractum
755 1244 866 1283 esse,
901 1228 1066 1274 falsum
1112 1229 1335 1275 nuncium
1369 1230 1531 1278 mortis

75 1296 171 1358 ejus
195 1296 431 1343 attulerat.
498 1294 606 1342 Hoc
643 1295 881 1342 mulierum
918 1310 1073 1342 errore
1096 1304 1349 1358 comperto,
1384 1297 1529 1344 Alex-

72 1363 216 1410 ander
248 1363 462 1410 fortunae
484 1362 619 1408 Darii
653 1369 699 1409 et
721 1362 886 1424 pietati
921 1377 1077 1408 earum
1109 1362 1421 1426 illacrymasse
1441 1364 1532 1411 fer-

75 1443 165 1478 tur.
256 1431 328 1477 Ac
381 1430 532 1492 primo
577 1430 874 1486 Mithrenem,
922 1429 999 1490 qui
1044 1429 1212 1477 Sardes
1255 1430 1530 1489 tradiderat,

72 1498 270 1560 peritum
296 1497 507 1544 Persicae
537 1497 737 1558 linguae,
761 1497 829 1544 ire
851 1497 910 1543 ad
944 1496 1246 1544 consolandas
1278 1513 1354 1544 eas
1380 1497 1530 1560 jusse-

71 1572 159 1613 rat.
229 1565 418 1612 Veritus
436 1565 619 1621 deinde,
645 1580 704 1611 ne
721 1564 932 1627 proditor
955 1564 1239 1625 captivarum
1258 1565 1373 1611 iram
1395 1565 1526 1612 dolo-

71 1647 258 1692 remque
289 1640 517 1693 gravaret,
544 1631 839 1679 Leonnatum
874 1647 931 1678 ex
964 1632 1229 1693 purpuratis
1261 1633 1353 1679 suis
1386 1632 1528 1690 misit,

68 1700 248 1761 jussum
292 1700 512 1757 indicare,
558 1699 673 1746 falso
721 1698 966 1746 lamentari
1005 1714 1081 1746 eas
1121 1699 1317 1746 Darium
1352 1700 1524 1747 vivum.

72 1767 159 1814 Ille
176 1782 280 1813 cum
305 1768 461 1829 paucis
495 1767 732 1828 armigeris
755 1768 805 1812 in
827 1766 1190 1825 tabernaculum,
1225 1767 1274 1813 in
1308 1782 1398 1828 quo
1421 1783 1528 1829 eap-

70 1836 194 1882 tivae
242 1841 388 1892 erant,
430 1835 654 1897 pervenit,
696 1834 976 1894 missumque
1010 1850 1037 1880 a
1068 1848 1179 1895 rege
1224 1849 1274 1880 se
1317 1834 1527 1881 nunciari

64 1902 214 1963 jubet.
281 1903 349 1949 At
371 1902 405 1948 ii
429 1902 505 1962 qui
527 1901 577 1947 in
599 1901 827 1949 vestibulo
845 1908 992 1957 erant,
1016 1906 1069 1948 ut
1086 1907 1287 1948 armatos
1304 1916 1526 1964 conspex-

72 1985 162 2026 ere,
187 1969 278 2016 rati
313 1976 467 2016 actum
501 1984 600 2015 esse
623 1969 683 2015 de
705 1968 920 2024 dominis,
954 1968 1003 2013 in
1037 1968 1387 2016 tabernaculum
1422 1984 1526 2015 cur-

69 2043 198 2094 runt,
223 2036 540 2092 vociferantes,
575 2036 735 2083 adesse
768 2050 1027 2096 supremam
1061 2034 1238 2092 horam,
1275 2035 1525 2097 missosque

72 2103 149 2164 qui
182 2103 447 2151 occiderent
470 2109 641 2165 captas.
733 2103 908 2162 Itaque,
933 2109 985 2150 ut
1018 2117 1133 2163 quae
1165 2118 1254 2150 nec
1283 2103 1527 2164 prohibere

70 2178 273 2234 possent,
308 2186 394 2217 nec
426 2170 672 2217 admittere
706 2170 946 2227 auderent,
981 2170 1110 2217 nullo
1143 2186 1363 2233 responso
1397 2171 1522 2227 dato,

71 2238 241 2286 tacitae
284 2238 640 2300 opperiebantur
681 2237 869 2284 victoris
902 2237 1161 2284 arbitrium.
1242 2237 1524 2294 Leonnatus,

73 2312 318 2368 expectato
351 2305 431 2351 diu
466 2305 542 2365 qui
576 2320 625 2352 se
658 2305 1007 2361 intromitteret,
1055 2312 1354 2366 posteaquam
1385 2318 1524 2351 nemo

72 2373 322 2434 procedere
345 2372 561 2428 audebat,
583 2372 756 2419 relictis
778 2372 828 2418 in
862 2372 1095 2419 vestibulo
1129 2372 1416 2429 satellitibus,
1449 2371 1521 2417 in-

72 2446 167 2486 trat
184 2441 233 2485 in
255 2440 620 2487 tabernaculum.
691 2439 761 2485 Ea
795 2440 892 2501 ipsa
916 2455 989 2486 res
1023 2439 1291 2486 turbaverat
1311 2432 1521 2494 feminas,

71 2506 197 2567 quod
229 2507 452 2568 irrupisee
483 2522 577 2554 non
612 2506 834 2553 admissus
867 2507 1125 2554 videbatur.
1194 2506 1357 2567 Itaque
1378 2510 1525 2551 mater

73 2580 121 2620 et
138 2573 310 2633 conjux
329 2574 601 2635 provolutae
623 2575 683 2620 ad
705 2573 846 2636 pedes
870 2589 1001 2621 orare
1023 2578 1289 2635 coeperunt,
1323 2577 1390 2628 ut,
1426 2571 1518 2633 pri-

72 2655 269 2702 usquam
301 2640 684 2699 interficerentur,
719 2641 849 2687 Darii
883 2656 1049 2703 corpus
1081 2640 1191 2701 ipsis
1212 2637 1364 2700 patrio
1395 2654 1522 2685 more

75 2707 268 2770 sepelire
288 2708 575 2768 permitteret
600 2725 612 2755 ι
646 2709 828 2755 functas
851 2722 1064 2770 supremo
1085 2707 1134 2752 in
1165 2719 1322 2766 regem
1357 2705 1519 2762 officio,

74 2791 123 2822 se
155 2774 352 2836 impigre
394 2775 650 2823 morituras.
722 2775 1005 2830 Leonnatus,
1026 2778 1073 2820 et
1105 2773 1259 2818 vivere
1304 2771 1518 2831 Darium,

75 2849 122 2890 et
153 2842 276 2905 ipsas
297 2855 394 2886 non
415 2841 668 2889 incolumes
703 2843 855 2899 modo,
880 2840 962 2887 sed
984 2840 1123 2887 etiam
1147 2841 1371 2900 apparatu
1403 2840 1519 2901 pris-

72 2909 199 2956 tinae
229 2908 444 2955 fortunae
465 2907 640 2967 reginas
661 2909 777 2955 fore.
843 2907 964 2954 Tum
1000 2913 1145 2954 mater
1178 2904 1311 2953 Darii
1336 2906 1522 2955 allevari

71 2992 119 3022 se
140 2991 274 3038 passa
295 2981 382 3023 est.
