1721 3200
581 156 785 205 LIBER
823 155 1162 215 QUARTUS.
1553 160 1614 210 :37

149 294 232 344 sed
255 294 419 359 quibus
441 293 540 357 ipsa
563 293 754 341 deberet
777 308 875 341 esse
898 293 1078 341 solatio.
1151 293 1206 340 In
1230 299 1479 356 conspectu
1514 306 1612 343 erat

149 378 291 427 nepos
313 361 545 426 parvulus,
570 361 631 409 ob
663 361 713 408 id
745 361 895 424 ipsum
930 361 1218 418 miserabilis,
1242 361 1366 422 quod
1401 361 1608 409 nondum

150 429 379 479 sentiebat
411 428 734 487 calamitatem,
775 428 974 476 maxima
1008 445 1065 476 ex
1099 435 1231 492 parte
1264 429 1324 476 ad
1358 429 1508 492 ipsum
1543 446 1614 477 re-

148 497 453 547 dundantem.
520 496 744 544 Crederes
766 496 1089 543 Alexandrum
1120 497 1242 545 inter
1275 512 1379 544 suas
1413 498 1610 545 necessi-

151 565 337 614 tudines
369 565 494 622 flere,
530 572 578 613 et
609 564 774 612 solatia
819 579 916 611 non
963 564 1199 622 adhibere,
1235 565 1317 612 sed
1352 580 1572 627 quaerere
1598 583 1610 612 :

151 632 255 681 cibo
276 639 402 682 certe
424 632 664 690 abstinuit,
700 646 976 693 omnemque
1010 632 1235 680 honorem
1268 632 1434 688 funeri,
1461 633 1613 695 patrio

153 699 398 749 Persarum
430 715 572 757 more,
610 700 846 748 servavit:
895 700 1080 762 dignus,
1107 700 1307 758 hercule,
1357 700 1436 762 qui
1483 716 1607 747 nunc

151 782 330 830 quoque
351 773 511 816 tantae
536 767 903 816 mansuetudinis
927 774 974 815 et
998 768 1314 817 continentiae
1346 768 1460 814 ferat
1491 767 1613 815 fruc-

148 843 262 884 tum.
333 835 485 883 Semel
518 835 708 883 omnino
742 850 845 882 eam
879 835 1073 893 viderat,
1100 851 1190 897 quo
1225 836 1301 883 die
1335 843 1470 898 capta
1505 844 1611 891 est;

149 918 234 951 nec
260 909 310 952 ut
332 903 494 966 ipsam,
520 903 603 950 sed
634 909 689 951 ut
721 902 857 950 Darii
892 910 1087 951 matrem
1122 903 1301 951 videret
1326 920 1337 950 ε
1376 903 1614 950 eximiam-

149 986 238 1032 que
261 970 652 1034 pulchritudinem
677 970 855 1018 formae
889 970 986 1033 ejus
1019 987 1115 1018 non
1148 971 1354 1018 libidinis
1389 971 1614 1020 habuerat

146 1038 514 1095 incitamentum,
533 1039 615 1086 sed
638 1038 828 1100 gloriae.

214 1105 373 1153 XLII.
411 1105 453 1152 E
486 1105 784 1168 spadonibus,
821 1105 898 1167 qui
931 1105 1054 1153 circa
1086 1106 1296 1168 reginam
1327 1114 1479 1164 erant,
1517 1107 1614 1170 Ty-

145 1173 300 1231 riotes,
325 1173 450 1221 inter
483 1173 844 1236 trepidationem
878 1173 1144 1235 lugentium
1182 1173 1363 1236 elapsus
1398 1191 1480 1237 per
1514 1190 1615 1222 eam

143 1247 341 1304 portam,
366 1255 496 1302 quae,
532 1241 641 1303 quia
675 1241 734 1288 ab
767 1241 902 1289 hoste
935 1257 1095 1288 aversa
1129 1248 1243 1298 erat,
1281 1241 1426 1290 levius
1461 1250 1615 1291 eusto-

144 1308 371 1367 diebatur,
397 1308 458 1355 ad
482 1308 616 1355 Darii
640 1316 791 1357 castra
813 1309 1027 1370 pervenit
1050 1326 1061 1356 :
1099 1315 1409 1371 exceptusque
1442 1326 1470 1357 a
1494 1310 1612 1372 vigi-

143 1376 278 1434 libus,
295 1376 345 1424 in
368 1376 719 1425 tabernaculum
745 1377 869 1438 regis
891 1376 1177 1438 perducitur,
1195 1391 1389 1438 gemens
1412 1383 1459 1425 et
1483 1388 1613 1426 veste

149 1444 364 1493 lacerata.
436 1443 589 1501 Quem
625 1452 676 1492 ut
701 1445 942 1506 conspexit
967 1443 1154 1501 Darius,
1178 1443 1421 1506 multiplici
1445 1460 1613 1508 expec-

52 1538 57 1540 -
146 1512 325 1560 tatione
346 1520 622 1569 commotus,
649 1518 696 1559 et
720 1512 830 1572 quid
855 1512 1145 1574 potissimum
1169 1512 1365 1568 timeret,
1391 1512 1614 1570 i‘ncertus,

147 1583 160 1604 ‘
182 1578 352 1628 Vultus
374 1578 512 1636 tuus,'
529 1580 694 1642 inquit,
732 1584 746 1608 ⁶
766 1580 923 1627 nescio
947 1579 1072 1640 quod
1096 1580 1262 1641 ingens
1285 1579 1455 1627 malum
1479 1596 1612 1643 prae-

140 1645 260 1694 fert:
298 1646 380 1693 sed
414 1662 525 1693 cave
571 1646 724 1694 miseri
757 1646 956 1693 hominis
1002 1647 1191 1694 auribus
1231 1662 1426 1710 parcas:
1463 1648 1607 1696 didici

142 1713 267 1761 enim
301 1728 400 1761 esse
439 1713 628 1769 infelix;
677 1721 724 1762 et
770 1729 906 1777 saepe
939 1714 1214 1762 calamitatis
1259 1715 1476 1762 solatium
1523 1723 1608 1771 est,

144 1796 278 1829 nosse
324 1786 496 1829 sortem
529 1797 678 1828 suam.
746 1780 889 1838 Num,
926 1782 1051 1842 quod
1084 1782 1283 1830 maxime
1316 1783 1523 1845 suspicor
1558 1793 1605 1832 et

142 1848 267 1910 loqui
301 1849 456 1906 timeo,
482 1848 682 1896 ludibria
705 1864 910 1897 meorum
936 1849 1238 1898 nunciaturus
1261 1866 1340 1906 es;
1380 1850 1506 1909 mihi,
1543 1857 1606 1908 et,

144 1923 196 1965 ut
218 1916 370 1973 credo,
396 1915 506 1979 ipsis
537 1931 734 1978 quoque,
770 1917 896 1964 omni
930 1918 1145 1979 graviora
1179 1918 1403 1981 supplicio
1425 1917 1465 1964 ‘?'
1529 1919 1610 1966 Ad

144 1983 258 2031 haee
293 1983 524 2046 Tyriotes,
575 1984 738 2033 ‘Istud
772 1984 959 2046 quidem
1005 1985 1166 2048 procul
1212 1984 1376 2043 abest,’
1416 1985 1606 2048 inquit;

151 2056 572 2114 ‘quantuscumque
595 2053 718 2099 enim
752 2052 925 2114 reginis
959 2052 1109 2100 honor
1128 2053 1202 2100 ·ab
1237 2053 1292 2099 iis
1327 2053 1405 2115 qui
1439 2064 1603 2117 parent

144 2117 304 2165 haberi
325 2123 493 2181 potest,
530 2119 622 2167 tuis
646 2135 673 2167 a
696 2120 871 2168 victore
905 2127 1112 2169 servatus
1136 2129 1206 2169 est
1231 2138 1242 2169 :
1281 2121 1363 2168 sed
1387 2136 1503 2168 uxor
1526 2130 1607 2169 tua

144 2185 283 2249 paulo
327 2191 436 2234 ante
479 2187 676 2235 excessit
720 2203 746 2234 e
778 2186 902 2236 vita.'
970 2187 1091 2235 Tum
1125 2204 1236 2236 vero
1269 2205 1364 2239 non
1408 2189 1609 2250 gemitus

146 2253 301 2310 modo,
326 2252 408 2300 sed
432 2253 570 2301 etiam
604 2254 817 2316 ejulatus,
854 2255 966 2304 totis
1000 2256 1163 2304 castris
1197 2256 1604 2303 exaudiebantur:

145 2337 230 2369 nee
272 2320 506 2369 dubitavit
547 2320 734 2380 Darius,
768 2322 880 2384 quin
914 2323 1159 2371 interfecta
1204 2331 1338 2381 esset,
1374 2323 1482 2385 quia
1527 2339 1608 2371 ne-

143 2391 317 2450 quisset
349 2388 676 2436 contumeliam
710 2391 805 2452 pati
831 2406 843 2445 3
878 2391 1196 2451 exclamatque
1240 2406 1398 2438 amens
1431 2389 1608 2448 dolore,

144 2462 157 2482 ‘
183 2455 326 2515 Quod
360 2471 449 2518 ego
482 2463 667 2504 tantum
700 2455 828 2505 nefas
862 2458 1083 2515 commisi,
1121 2458 1390 2506 Alexander
1412 2457 1438 2505 ⁴?
1471 2473 1607 2520 quem

144 2527 332 2572 tuorum
376 2523 738 2586 propinquorum
772 2525 947 2583 neoevi,
983 2534 1036 2573 ut
1059 2525 1179 2573 hanc
1213 2525 1359 2572 vicem
1393 2527 1612 2574 saevitiae

143 2606 272 2640 meae
293 2591 462 2638 reddas
484 2590 510 2637 ἶ)
578 2590 734 2640 Odisti
757 2607 844 2650 me,
870 2607 964 2639 non
982 2592 1170 2654 quidem
1185 2600 1464 2655 provocatus
1488 2611 1498 2641 :
1526 2594 1607 2641 sed

145 2658 284 2722 finge,
323 2659 505 2721 justum
540 2657 752 2707 intulisse
795 2666 842 2707 te
886 2659 1098 2715 bellum;
1135 2675 1240 2708 cum
1278 2660 1461 2709 feminis
1496 2677 1608 2723 ergo

144 2739 284 2788 agere
305 2726 532 2774 debueras
555 2724 594 2773 θ’
663 2725 881 2789 Tyriotes
915 2727 1143 2774 affirmare
1165 2743 1248 2791 per
1271 2727 1384 2776 deos
1417 2729 1606 2792 patrios,

146 2791 262 2841 nihil
283 2794 333 2841 in
347 2809 450 2842 eam
471 2793 660 2856 gravius
683 2809 783 2841 esse
816 2794 1082 2842 consultum
1106 2812 1117 2843 :
1153 2794 1434 2858 ingemuisse
1467 2795 1606 2843 etiam

150 2857 465 2909 Alexandrum
500 2861 654 2918 morti,
687 2869 736 2910 et
780 2876 876 2908 non
911 2861 1094 2924 parcius
1125 2862 1306 2910 flevisse
1338 2878 1476 2926 quam
1510 2862 1610 2939 ipse

149 2922 477 2977 lacrimaretur.
548 2928 627 2977 Ob
649 2928 763 2978 haee
785 2928 885 2992 ipsa
907 2929 1105 2979 amantis
1128 2931 1307 2978 animus
1332 2931 1379 2976 in
1402 2928 1610 2977 solicitu-

146 2991 301 3042 dinem
337 2996 735 3060 suspicionemque
779 2996 1017 3045 revolutus
1056 3007 1140 3057 est,
1167 2997 1446 3046 desiderium
1491 3011 1604 3060 cap-
