1721 3200
179 180 245 229 60
553 181 793 239 QUINTI
831 182 1066 231 CURTII
1102 182 1266 232 RUFI

178 317 215 362 si
238 331 472 378 accepero,
493 317 714 365 victorem
749 333 850 364 eum
876 318 1067 366 faciunt.
1140 318 1275 376 Quae
1295 323 1403 382 post
1425 317 1637 383 Euphra

177 396 258 430 ten
305 391 427 439 sunt,
464 383 719 432 liberaliter
752 385 927 432 donat:
964 387 1045 432 ubi
1079 385 1224 446 igitur
1263 402 1337 433 me
1382 385 1587 434 affamini
1607 389 1632 436 ἱ)

175 467 342 512 nempe
387 450 512 498 ultra
557 450 831 514 Euphraten
877 469 993 499 sum.
1082 454 1323 499 Summum
1357 469 1470 516 ergo
1513 454 1638 502 dotis

175 533 311 578 quam
338 518 572 580 promittit
589 520 840 566 terminum
865 526 1015 566 castra
1037 536 1140 567 mea
1162 527 1424 568 transeunt.
1505 520 1636 569 Hinc

175 601 248 631 me
272 585 504 646 depellite,
539 596 594 633 ut
617 587 754 632 sciam
782 598 987 633 vestrum
1013 603 1125 645 esse,
1150 587 1277 649 quod
1299 587 1477 636 ceditis.
1541 588 1635 635 Ea·-

173 652 276 698 dem
324 652 602 700 liberalitate
635 654 718 701 dat
751 654 864 699 mihi
896 654 1038 700 filiam
1079 670 1240 711 suam3
1275 671 1444 718 nempe
1488 671 1628 718 quam

171 720 267 766 scio
299 719 435 766 alicui
470 735 704 767 servorum
742 737 932 767 suorum
965 727 1252 784 nupturam:
1289 723 1489 770 multum
1523 739 1633 771 vero

170 787 285 833 mihi
307 794 526 849 praestat,
548 787 585 834 si
619 804 694 834 me
717 788 908 835 Mazaeo
934 804 1159 850 generum
1185 790 1430 853 praeponit
1447 789 1472 838 ζ)
1540 790 1628 848 Ite,

169 855 391 903 nunciate
425 855 526 916 regi
571 863 741 911 vestro,
780 863 826 902 et
875 871 993 918 quae
1026 856 1194 914 amisit,
1243 864 1291 904 et
1325 873 1445 919 quae
1479 857 1633 905 adhuc

169 922 325 980 habet,
371 922 578 984 praemia
602 938 699 969 esse
721 923 832 969 belli
857 940 867 969 :
903 924 994 970 hoc
1028 930 1224 986 regente
1257 925 1503 987 utriusque
1535 934 1629 974 ter-

170 990 319 1037 minos
358 990 509 1051 regni,
556 990 606 1036 id
653 1006 885 1052 quemque
919 990 1193 1038 habitururn
1237 992 1364 1052 quod
1393 991 1632 1054 proximae

167 1058 282 1105 lucis
328 1057 619 1118 assignatura
662 1058 852 1104 fortuna
897 1066 984 1105 est.
1055 1058 1146 1122 [Et
1172 1074 1244 1105 me
1265 1059 1317 1105 in
1346 1059 1508 1107 Asiam
1533 1075 1630 1106 non

167 1125 364 1182 venisse,
389 1137 443 1171 ut
478 1125 537 1170 ab
561 1125 662 1171 aliis
695 1125 966 1187 acciperem,
1002 1127 1084 1172 sed
1107 1135 1162 1173 ut
1195 1126 1297 1173 aliis
1331 1126 1511 1174 darem.
1578 1127 1626 1175 Si

166 1193 409 1247 secundus,
436 1191 474 1238 si
497 1207 593 1238 non
616 1208 699 1253 par
726 1192 836 1238 mihi
859 1193 999 1239 vellet
1021 1192 1193 1250 haberi,
1212 1194 1408 1240 facerem
1433 1193 1626 1243 forsitan

171 1275 287 1321 quae
310 1259 443 1321 petit,
470 1266 674 1306 ceterum
699 1275 785 1306 nec
820 1260 1022 1306 mundus
1057 1260 1237 1307 duobus
1270 1260 1443 1308 solibus
1475 1269 1628 1324 potest

165 1327 282 1388 regi,
307 1342 392 1373 nec
416 1326 509 1372 duo
534 1342 714 1372 summa
747 1343 893 1387 regna
917 1327 1042 1373 salvo
1067 1333 1190 1374 statu
1224 1336 1452 1374 terrarum
1475 1335 1630 1390 potest

165 1396 353 1441 habere.
423 1393 628 1440 Proinde
662 1401 743 1441 aut
776 1395 1061 1441 deditionem
1095 1395 1249 1452 hodie,
1285 1395 1438 1442 autin
1461 1397 1622 1444 crasti-

165 1478 276 1508 num
300 1461 473 1508 bellum
508 1468 669 1522 paret:
707 1477 793 1508 nec
828 1461 962 1508 aliam
990 1461 1090 1518 sibi,
1125 1477 1261 1522 quam
1296 1470 1516 1524 expertus
1538 1472 1623 1520 est,

164 1530 436 1592 polliceatur
459 1528 749 1592 fortunam.']
820 1528 989 1590 Legati
1013 1529 1296 1590 respondent
1319 1545 1331 1584 ;
1368 1544 1507 1591 quum
1529 1531 1627 1576 bel-

162 1599 258 1644 lum
282 1597 332 1642 in
356 1596 510 1642 animo
535 1596 608 1653 sit,
634 1595 784 1642 facere
808 1611 910 1641 eum
937 1596 1221 1657 simpliciter,
1250 1596 1374 1656 quod
1398 1612 1478 1658 spe
1500 1598 1626 1658 pacis

164 1681 261 1711 non
283 1664 608 1711 frustraretur:
645 1663 769 1725 ipsos
803 1670 974 1725 petere,
1013 1663 1350 1724 quamprimum
1387 1664 1628 1713 dimittan-

165 1746 241 1780 tur
264 1732 324 1778 ad
346 1747 501 1792 regem
524 1748 534 1776 z
573 1746 678 1777 eum
702 1745 879 1791 quoque
902 1731 1074 1777 bellum
1099 1746 1261 1792 parare
1284 1731 1471 1778 debere.
1538 1731 1627 1778 Di-

166 1800 292 1846 missi
314 1799 539 1845 nunciant
562 1799 722 1845 adesse
742 1806 998 1845 certamen.

233 1866 411 1913 XLVI.
459 1866 537 1911 12.
589 1866 672 1912 Ille
716 1865 900 1925 quidem
947 1865 1187 1912 confestim
1236 1865 1474 1912 Mazaeum
1522 1881 1625 1912 cum

166 1936 315 1983 tribus
340 1934 541 1980 millibus
565 1933 768 1994 equitum
796 1933 855 1979 ad
877 1933 1058 1988 itinera,
1084 1947 1200 1992 quae
1221 1931 1368 1979 hostis
1397 1932 1628 1994 petiturus

167 2011 280 2058 erat,
317 2001 586 2062 occupanda
618 2000 889 2062 praemisit.-
943 1998 1227 2055 Alexander,
1254 1999 1436 2060 corpori
1469 2000 1627 2047 uxoris

168 2069 265 2131 ejus
293 2068 432 2130 justis
465 2068 727 2129 persolutis,
763 2067 983 2127 omnique
1005 2065 1217 2128 graviore
1240 2068 1464 2114 comitatu
1496 2067 1620 2116 intra

167 2137 329 2183 eadem
367 2135 655 2182 munimenta
699 2149 804 2180 cum
852 2134 1033 2180 modico
1078 2133 1308 2195 praesidio
1350 2135 1528 2192 relicto,
1563 2136 1624 2182 ad

170 2205 357 2251 hostem
371 2202 628 2249 contendit.
699 2201 754 2247 In
779 2201 873 2247 duo
897 2216 1069 2247 cornua
1092 2200 1311 2249 diviserat
1332 2202 1590 2264 peditem,
1575 2219 1626 2250 m

170 2280 421 2332 utrumque
475 2270 598 2316 latus
639 2269 793 2330 equite
838 2268 1153 2315 circumdato:
1188 2268 1521 2347 impedimenta
1552 2286 1624 2317 se-

169 2340 431 2400 quebantur
454 2352 639 2398 agmen.
710 2335 1015 2381 Praemissum
1053 2335 1222 2382 deinde
1262 2331 1457 2384 concitis
1490 2337 1620 2397 equis

173 2406 396 2452 Menidan
423 2404 560 2465 jubet
607 2403 858 2465 explorare,
896 2404 974 2449 ubi
1021 2403 1194 2449 Darius
1227 2410 1363 2450 esset.
1430 2403 1498 2449 At
1529 2403 1622 2459 ille,

173 2488 313 2532 quum
339 2473 553 2519 Mazaeus
576 2471 703 2517 haud
726 2471 888 2533 procul
910 2470 1207 2526 consedisset,
1233 2486 1330 2516 non
1350 2484 1485 2516 ausus
1502 2470 1623 2518 ultra

172 2540 435 2599 procedere,
460 2539 578 2585 nihil
613 2539 737 2585 aliud
760 2553 894 2598 quam
929 2538 1164 2585 fremitum
1198 2538 1436 2584 hominum
1471 2535 1624 2584 hinni-

173 2619 360 2666 tumque
383 2622 603 2667 equorum
628 2606 867 2653 exaudisse
889 2606 1093 2654 nunciat.
1178 2604 1391 2651 Mazaeus
1425 2618 1621 2666 quoque,

175 2674 431 2734 conspectis
476 2674 637 2736 procul
682 2673 1063 2735 exploratoribus,
1098 2674 1148 2720 in
1179 2678 1342 2733 castra,
1360 2686 1409 2717 se
1442 2673 1625 2735 recipit,

173 2740 402 2789 adventus
435 2740 636 2788 hostium
671 2741 880 2787 nuncius.
951 2740 1101 2800 Igitur
1124 2738 1308 2794 Darius,
1346 2739 1422 2797 qui
1456 2738 1506 2784 in
1539 2755 1620 2802 pa·-

174 2806 380 2856 tentibus
426 2809 598 2869 campis
659 2808 907 2854 decernere
951 2808 1155 2870 optabat,
1200 2806 1368 2851 armari
1424 2805 1620 2855 militem

166 2876 315 2937 jubet,
363 2873 598 2949 aciemque
636 2875 856 2937 disponit.
927 2873 985 2920 In
1019 2874 1150 2920 laevo
1194 2887 1336 2918 cornu
1382 2872 1619 2921 Bactriani

171 2944 303 2989 ibant
341 2940 530 3001 equiteS,
573 2941 698 2988 mille
737 2941 1023 2995 admodum;
1072 2939 1235 2986 Dahae
1291 2940 1524 2988 totidem:
1571 2948 1619 2987 et

172 3009 411 3057 Arachosii
447 3007 655 3067 Susiique
702 3015 900 3068 quatuor
948 2977 1090 3054 millia
1149 3006 1411 3067 explebant.
1512 3006 1621 3054 Hos
