1721 3200
437 182 676 244 QUINTI
713 181 948 232 CURTII
986 179 1149 231 RUFI
1455 181 1520 230 3³

68 321 266 383 potiora.
353 319 507 383 Igitur
558 319 864 375 conclamant,
910 318 1102 366 duceret
1138 332 1229 378 quo
1270 315 1520 364 videretur.

70 387 230 452 Atque
251 386 330 436 ille
363 388 589 437 utendum
611 386 790 444 animis,
814 386 926 433 dum
949 402 1030 448 spe
1053 384 1269 439 calerent,
1296 394 1438 439 ratus,
1463 384 1523 429 ad

71 454 246 505 Pelusii
265 455 435 504 ostium
457 461 685 519 penetrat,
719 454 939 502 simulans
960 469 988 500 a
1012 452 1158 500 Dario
1193 468 1240 499 se
1264 467 1362 499 csse
1394 466 1524 514 prae·

73 523 275 572 missum.
344 522 525 572 Potitus
546 538 660 586 ergo
686 520 871 577 Pelusii,
904 520 1144 583 Memphin
1166 518 1320 581 copias
1343 519 1526 581 promo'-

71 591 169 640 vit·
206 590 267 639 ad
289 590 418 653 cujus
450 590 616 640 famam
650 588 889 652 Aegyptii,
915 603 1034 635 vana
1066 603 1197 664 gens,
1221 594 1268 634 et
1303 585 1529 632 novandis

70 673 210 720 quam
241 657 459 721 gerendis
481 658 633 721 aptior
666 657 818 714 rebus,
844 672 901 704 ex
924 656 1019 703 suis
1040 655 1234 717 quisque
1257 654 1367 700 vicis
1403 653 1529 699 urbi·

73 727 250 787 busque
283 724 345 773 ad
376 725 464 773 hoc
496 726 644 803 ipsum
679 731 977 779 concurrunt,
1002 723 1063 770 ad
1085 722 1283 769 delenda
1308 720 1534 782 praesidia

77 792 350 841 Persarum:
386 793 464 854 qui
488 792 652 850 territi,
679 799 834 840 tamen
857 807 984 853 spem
1008 790 1239 838 retinendi
1263 790 1531 851 Aegyptum

75 876 171 911 non
191 861 461 909 amiserunt.
531 860 624 908 Sed
647 877 725 907 cos
749 860 872 922 Am)
876 866 981 906 ntas
1004 857 1177 921 praelio
1211 866 1450 917 superatos
1485 855 1533 900 in

76 928 237 977 urbem
260 926 507 991 compellit,
526 927 781 990 castrisque
804 926 978 989 positis,
1005 926 1201 973 victores
1225 924 1285 971 ad
1310 922 1534 986 populan-

72 995 159 1045 dos
202 1011 339 1058 agros
371 995 550 1053 eduxit,
596 1011 649 1042 ac
685 995 812 1042 velut
857 994 903 1040 in
939 993 1092 1040 medio
1126 992 1286 1053 positis
1321 990 1536 1038 omnibus

72 1063 291 1122 hostium,
326 1072 494 1111 cuncta
530 1063 805 1124 agebantur.
898 1060 1060 1122 Itaque
1107 1060 1328 1114 Mazaces,
1375 1073 1535 1119 quam-

74 1146 213 1193 quam
234 1130 406 1179 infelici
439 1131 614 1193 praelio
648 1145 837 1177 suorum
871 1129 1048 1175 animos
1072 1128 1259 1175 territos
1295 1143 1392 1173 esse
1426 1140 1535 1185 cog-

73 1206 282 1255 noverat,
318 1206 475 1246 tamen
509 1197 736 1260 palanteS‚
770 1203 818 1243 et
853 1196 1073 1243 victoriae
1122 1194 1292 1241 fiducia
1325 1194 1536 1239 incautos

77 1272 334 1322 ostentans,
358 1265 562 1329 perpulit
596 1281 655 1312 ne
677 1264 949 1312 dubitarent
972 1280 1029 1309 ex
1064 1263 1177 1309 urbe
1212 1275 1466 1322 erumpere,
1493 1268 1539 1304 et

77 1349 151 1382 ια
172 1333 360 1383 amissas
394 1349 681 1395 recuperare.
753 1331 808 1378 Id
832 1331 1074 1378 consilium
1110 1345 1204 1376 non
1228 1329 1408 1376 ratione
1432 1343 1539 1389 pru-

77 1402 266 1451 dentius
296 1416 435 1463 quam
470 1410 640 1448 eventu
686 1399 862 1446 felicius
908 1398 1009 1446 suit.
1079 1398 1157 1444 Ad
1203 1413 1348 1443 unum
1383 1409 1543 1440 omnes

78 1486 186 1519 cum
207 1468 307 1548 ipso
341 1468 461 1516 duce
495 1468 633 1516 occisi
654 1475 778 1515 sunt.
849 1465 952 1512 llas
975 1481 1146 1527 poenas
1169 1466 1292 1526 Am)
1298 1472 1401 1510 ntas
1425 1460 1545 1509 utri·

78 1553 169 1602 que
201 1537 303 1599 regi
345 1536 492 1593 dedit,
527 1535 674 1582 nihilo
707 1534 854 1595 magis
887 1534 930 1581 ei
964 1533 1024 1579 ad
1058 1549 1195 1595 quem
1230 1544 1287 1579 tr
1290 1531 1544 1591 inssugcrat

76 1604 215 1662 fidus,
238 1617 376 1665 quam
397 1603 466 1651 illi
489 1619 627 1666 quem
650 1603 932 1650 deseruerat.

149 1671 235 1720 VI.
272 1671 407 1719 Darii
430 1679 679 1733 praetores,
705 1670 784 1732 qui
809 1669 982 1731 praelio
1000 1668 1123 1730 apud
1151 1667 1281 1714 Isson
1306 1663 1542 1726 superfue-

83 1747 206 1797 rant,
241 1754 347 1786 cum
386 1738 514 1785 omni
547 1753 688 1784 manu
722 1752 839 1800 qnae
871 1736 1103 1798 fugientes
1135 1742 1293 1782 secuta
1326 1739 1439 1788 erat,
1474 1746 1546 1777 as·

86 1812 274 1869 sumpta
295 1805 436 1854 etiam
461 1804 790 1867 Cappadocum
825 1811 873 1850 et
907 1802 1255 1865 Paphlagonum
1279 1801 1545 1862 juv,cntute

86 1873 289 1937 Lydiam
344 1888 618 1934 recuperare
675 1871 937 1919 tentabant.
1032 1870 1302 1931 Antigonus
1359 1873 1546 1929 praetor

82 1939 342 1989 Alexandri
374 1939 555 2003 Lydiae
579 1945 830 2000 praeerat.
868 1938 960 1998 qui,
987 1953 1267 2000 quamquam
1302 1935 1545 1998 plerosque

82 2007 283 2057 militum
306 2024 365 2055 ex
396 2007 636 2085 praesidiis
670 2006 731 2053 ad
765 2022 921 2068 regem
944 2005 1196 2062 dimiserat,
1233 2011 1403 2058 tamen,
1439 2001 1544 2047 bar-

82 2073 206 2123 baris
227 2075 408 2138 spretis,
432 2075 482 2122 in
504 2075 648 2122 aciem
667 2090 775 2121 suos
796 2073 972 2121 eduxit.
1044 2071 1221 2119 Eadem
1244 2070 1338 2117 illic
1362 2083 1544 2131 quoque

83 2141 272 2191 fortuna
293 2142 495 2205 partium
527 2142 652 2190 suit.
691 2141 840 2189 tribus
864 2140 1046 2203 praeliis
1079 2139 1169 2187 alia
1192 2148 1329 2199 atque
1350 2137 1440 2184 alia
1475 2152 1546 2182 re-

82 2208 224 2271 gione
257 2209 524 2265 commissis,
561 2208 730 2256 Persae
763 2208 1040 2256 funduntur.
1113 2206 1291 2254 Eodem
1338 2214 1544 2265 tempore

82 2276 240 2324 classis
264 2275 572 2324 Macedonum
595 2291 653 2323 ex
678 2276 875 2323 Graecia
897 2276 1059 2331 accita,
1086 2274 1442 2347 Aristomenem,
1469 2269 1546 2330 qui

84 2343 147 2392 ad
170 2342 468 2406 Hellesponti
480 2358 608 2390 oram
630 2343 991 2405 recuperandam
1019 2358 1045 2389 a
1072 2341 1219 2388 Dario
1241 2348 1340 2387 erat
1364 2337 1545 2392 missus,

84 2411 235 2474 captis
268 2410 368 2472 ejus
399 2416 482 2458 aut
527 2410 688 2458 mersis
721 2411 930 2466 natibus,
978 2418 1183 2472 superat.
1275 2408 1315 2451 A
1354 2404 1547 2451 Milesiis

84 2477 258 2527 deinde
293 2468 619 2525 Pharnabazus
653 2478 911 2539 praefectus
938 2477 1148 2524 Persicae
1170 2474 1327 2521 classis
1350 2471 1547 2535 pecunia

82 2552 263 2603 exacta,
282 2552 331 2594 et
351 2544 615 2608 praesidio
602 2560 652 2592 ιιι
675 2545 835 2592 urbem
862 2544 1029 2591 Chium
1054 2542 1334 2597 introductu,
1358 2546 1547 2588 centum

86 2612 283 2661 navibus
316 2612 547 2669 Andrum,
572 2618 622 2659 et
641 2610 753 2658 inde
786 2611 1014 2674 Siphnum
1047 2610 1219 2673 petiit:
1255 2624 1331 2657 eas
1365 2622 1547 2671 quoque

85 2679 260 2729 insulan
276 2679 516 2743 praesidiis
532 2686 739 2740 occupat,
765 2679 960 2741 pecunia
984 2678 1196 2725 mulctat.
1264 2673 1545 2737 Magnitudo

86 2746 212 2806 boui,
245 2747 372 2808 quod
405 2747 466 2795 ab
487 2744 845 2809 opulentissimis
870 2744 1084 2808 Europae
1107 2743 1338 2806 Asiaeque
1360 2742 1548 2804 regibus

86 2812 142 2862 in
158 2829 286 2878 spem
310 2815 456 2864 totius
478 2814 603 2862 orbis
616 2812 872 2875 occupandi
893 2812 1158 2874 gerebatur,
1184 2810 1409 2859 Graeciae
1432 2823 1545 2869 quo·

88 2889 244 2940 quet
267 2880 436 2931 Cretae
456 2897 585 2930 arma
605 2888 930 2928 commoverat.
996 2879 1128 2942 Agis,
1155 2874 1546 2927 Lacedaemonio·

91 2960 202 3004 m
225 2963 326 3008 rex,
347 2956 454 2999 octo
476 2948 680 2996 millibus
714 2948 1017 3004 Graecorum,
1040 2946 1120 3009 qui
1153 2962 1212 2994 ex
1247 2944 1410 2993 Cilicia
1442 2957 1548 3005 pro·

91 3011 192 3076 suti
232 3013 394 3065 domos
429 3015 726 3080 repetierant,
773 3013 1037 3073 contractis,
1080 3013 1253 3062 bellum
1298 3010 1550 3075 Antipatro
