1721 3200
393 217 631 279 QUINTI
667 216 903 267 CURTII
940 216 1123 265 RUFI.
1428 225 1489 269 :35

34 354 121 402 bus
142 355 304 419 procul
324 368 537 414 excussa,
555 355 694 414 mitti,
720 370 814 402 non
838 353 986 402 scalae
1009 353 1249 400 moenibus
1273 356 1496 418 applicari

38 430 254 484 poterant
277 440 290 479 ;
325 439 544 487 praeceps
578 423 626 470 in
649 422 796 470 salum
819 437 979 469 murus
1002 421 1218 483 pedestre
1240 422 1499 487 intercepe-

39 499 111 540 rat
132 491 222 540 iter
245 508 257 539 τ
294 507 435 538 naves
457 507 543 538 nec
565 491 767 538 habebat
789 505 886 546 rex,
913 497 975 546 et,
1001 489 1039 536 si
1063 488 1358 549 admovisset,
1383 507 1497 554 pen-

39 558 204 608 dentes
246 565 295 608 et
328 558 565 606 instabiles
597 557 844 605 missilibus
877 558 1022 604 arceri
1066 563 1298 618 poterant.
1370 558 1499 608 Inter

39 641 172 687 quae,
196 642 338 688 parva
359 626 489 674 dictu
502 642 575 673 res
595 625 843 688 Tyriorum
867 624 1082 671 fiduciam
1107 625 1337 672 accendit.
1385 627 1498 683 Car-

43 693 402 755 thaginiensium
445 694 589 755 legati
638 694 699 740 ad
753 691 1080 740 celebrandum
1138 692 1501 742 anniversarium

39 776 220 809 sacrum
242 777 370 808 more
408 761 560 824 patrio
603 768 717 808 tunc
751 766 1011 807 venerant:
1048 758 1220 821 qstippe
1257 760 1502 824 Carthagi-

44 844 148 876 nem
194 827 327 892 Tyrii
371 828 696 885 condiderunt,
744 843 924 890 semper
957 833 1202 889 parentum
1237 827 1340 875 loco
1375 831 1502 878 culti.

42 894 239 944 Hortari
259 911 373 958 ergo
409 895 555 943 Poeni
577 903 842 952 coeperunt,
879 902 933 942 ut
956 893 1243 942 obsidionem
1267 895 1375 944 forti
1410 900 1508 944 ani-

43 979 119 1011 mo
141 970 441 1026 paterentur:
467 964 597 1011 brevi
623 962 909 1025 Carthagine
931 961 1104 1010 auxilia
1124 969 1350 1011 ventura:
1378 982 1506 1012 nam-

46 1046 136 1091 que
169 1046 224 1078 ea
268 1037 544 1093 tempestate
589 1047 758 1094 magna
792 1047 850 1077 ex
884 1038 1017 1093 parte
1058 1028 1246 1077 Punicis
1287 1031 1508 1080 classibus

49 1098 192 1146 maria
212 1098 561 1146 obsidebantur.

113 1164 198 1212 lx.
267 1164 419 1227 Igitur
436 1165 560 1213 bello
594 1165 800 1222 decreto,
835 1181 917 1227 per
951 1180 1109 1212 muros
1144 1172 1387 1229 turresque
1413 1177 1506 1214 tor-

49 1242 208 1280 menta
229 1231 486 1295 disponunt
510 1249 668 1280 :arma
678 1232 947 1294 junioribus
971 1232 1206 1280 dividunt:
1228 1234 1521 1295 opificesque,

51 1314 248 1363 quorum
282 1301 415 1362 copia
449 1301 559 1348 urbs
583 1300 868 1357 abundabat,
895 1301 944 1346 in
967 1300 1174 1347 officinas
1196 1301 1486 1350 distribuunt
1512 1321 1521 1354 ;

55 1367 210 1416 omnia
241 1367 355 1415 belli
388 1377 614 1431 apparatu
651 1374 865 1430 strepunt
890 1385 901 1414 :
938 1367 1130 1432 ferreae,
1153 1384 1337 1430 quoque
1358 1386 1526 1417 manus

59 1434 370 1500 (harpaqonm
402 1435 591 1499 vocant)
628 1451 740 1496 quas
774 1436 991 1498 operibus
1026 1435 1229 1483 hostium
1263 1437 1523 1498 injicerent,

56 1503 288 1564 corvique,
324 1510 373 1551 et
403 1503 494 1550 alia
528 1503 716 1552 tuendis
749 1504 942 1550 urbibus
966 1503 1245 1565 excogitata,
1280 1520 1523 1568 praepara-

54 1571 244 1618 bantur.
314 1569 404 1618 Sed
428 1587 533 1618 cum
549 1571 812 1618 fornacibus
835 1571 1022 1627 ferrum,
1048 1571 1174 1631 quod
1199 1572 1368 1618 excudi
1388 1589 1522 1636 opor-

56 1638 201 1696 tebat,
225 1638 491 1700 impositum
516 1647 651 1694 esset,
677 1639 971 1700 admotisque
1016 1638 1204 1685 follibus
1227 1639 1385 1701 ignem
1410 1642 1523 1689 flatu

56 1705 381 1762 accenderent,
416 1707 656 1767 sanguinis
691 1706 775 1752 rivi
811 1707 898 1752 sub
921 1706 1031 1767 ipsis
1066 1706 1261 1753 flammis
1295 1709 1527 1756 exstitisse

53 1772 276 1821 dicuutur
300 1789 311 1820 ε
348 1773 490 1834 idque
507 1789 641 1820 omen
666 1774 714 1819 in
741 1773 1049 1820 Macedonum
1073 1783 1248 1821 metum
1285 1786 1525 1824 verterunt

56 1839 203 1903 Tyrii.
290 1840 436 1901 Apud
472 1840 755 1888 Macedonas
794 1855 991 1901 quoquc,
1040 1857 1144 1887 cum
1191 1841 1311 1890 forte
1356 1859 1523 1906 panem

53 1906 240 1968 quidam
274 1907 472 1955 militum
507 1908 793 1970 frangerent,
830 1909 1061 1956 manantis
1095 1909 1336 1970 sanguinis
1370 1923 1522 1971 guttas

54 1981 372 2023 notaverunt:
421 1976 677 2037 territoque
712 1992 836 2038 rege,
887 1976 1179 2033 Aristander,
1218 1978 1526 2038 peritissimus

55 2052 228 2099 vatum,
269 2042 309 2089 si
343 2043 630 2091 extrinsecus
666 2059 804 2091 cruor
837 2044 1062 2101 fluxisset,
1099 2043 1438 2093 Macedonibus
1475 2048 1521 2093 id

56 2109 190 2156 triste
211 2108 419 2157 futurum
445 2111 542 2158 ait:
579 2119 756 2169 contra,
793 2127 897 2158 curn
934 2112 993 2158 ab
1017 2112 1237 2160 interiore
1260 2121 1393 2175 parte
1430 2131 1524 2161 ma-

59 2175 252 2231 naverit,
311 2176 415 2223 urbi
481 2193 618 2240 quam
689 2179 902 2226 obsidere
959 2179 1272 2228 destinassent
1334 2182 1524 2229 exitium

57 2242 353 2305 portendere.
421 2244 703 2304 Alexander,
724 2263 827 2294 eum
854 2255 902 2294 et
925 2247 1115 2294 classem
1134 2248 1295 2310 procul
1321 2249 1525 2296 haberet.

56 2322 104 2359 ct
125 2311 312 2373 longam
334 2311 624 2360 obsidionem
645 2330 816 2377 magno
833 2315 921 2362 sibi
939 2314 1000 2361 ad
1017 2323 1174 2362 cetera
1191 2315 1528 2378 impedimento

57 2378 237 2426 videret
261 2378 371 2434 fore,
397 2378 727 2429 caduceatores
762 2383 838 2443 qui
874 2382 934 2429 ad
969 2397 1130 2444 pacem
1167 2400 1246 2429 eos
1281 2384 1527 2445 compelle-

57 2455 161 2494 rent
186 2446 346 2494 misit.
384 2461 498 2507 quos
523 2446 654 2510 Tyrii
678 2459 843 2498 contra
858 2449 937 2511 jus
959 2450 1171 2511 gentium
1198 2451 1370 2496 occisos
1396 2467 1526 2512 prac-

56 2514 366 2577 eipitaverunt
390 2515 439 2560 in
463 2514 623 2562 altum.
696 2517 852 2578 Atque
882 2517 973 2574 ille,
999 2532 1187 2563 suorum
1213 2525 1307 2563 tam
1334 2518 1529 2581 indigna

57 2596 171 2629 nece
188 2590 466 2637 commotus,
493 2583 652 2629 urbem
674 2584 887 2632 obsidere
909 2585 1088 2633 statuit.
1161 2582 1254 2631 Sed
1286 2597 1397 2633 ante
1411 2585 1527 2647 jaci-

56 2647 178 2697 enda
216 2648 361 2696 moles
397 2657 512 2706 erat,
551 2665 667 2710 quae
706 2652 866 2699 urbem
903 2651 1163 2699 continenti
1198 2655 1527 2702 committeret.

60 2713 233 2778 Ingens
254 2732 368 2778 ergo
392 2717 571 2764 animos
597 2718 796 2766 rnilitum
825 2718 1121 2783 desperatio
1110 2720 1311 2778 incessit,
1339 2737 1528 2768 cernen-

60 2781 175 2829 tium
200 2783 484 2846 profundum
509 2801 648 2843 mare,
675 2785 799 2845 quod
834 2787 912 2833 vix
940 2786 1099 2834 divina
1132 2801 1221 2849 ope
1255 2800 1408 2851 posset
1446 2792 1526 2835 im-

58 2846 204 2910 pla-i:
239 2850 387 2930 Quae·
397 2868 508 2899 saxa
530 2860 626 2901 tam
652 2862 795 2910 vasta,
822 2868 935 2914 quas
968 2862 1067 2902 tarn
1099 2868 1313 2916 proceras
1344 2857 1531 2903 arbores

62 2929 196 2976 posse
234 2919 479 2981 reperiri?
530 2920 869 2968 exhauriendas
917 2936 1017 2969 esse
1060 2921 1290 2984 regiones,
1327 2928 1380 2970 ut
1414 2923 1526 2969 illud

60 2981 260 3044 spatium
305 2996 646 3048 agger-aretum
697 2998 745 3037 et
792 2996 1062 3037 exaoetuare
1113 3004 1293 3052 sempor
1344 2991 1528 3046 fretum,

59 3063 243 3110 quoque
265 3053 435 3101 arctius
461 3055 694 3105 volutetur
728 3058 852 3104 inter
875 3056 1071 3105 insulam
1109 3064 1156 3104 et
1192 3058 1529 3105 coutinentem.
