1721 3200
206 176 269 224 48
646 176 851 225 LIBER
890 176 1231 235 QUARTUS.

205 311 457 367 Pelusium,
496 326 586 371 qua
607 312 865 360 intraturus
903 310 1030 376 [rex]
1069 312 1322 369 videbatur,
1364 318 1662 373 convenerat.

202 380 362 440 Atque
380 379 457 425 ille
478 380 672 439 septimo
690 379 779 437 die,
796 387 1099 441 posteaquum
1121 395 1150 426 a
1175 379 1302 426 Gaza
1325 379 1479 442 copias
1501 393 1656 426 mov&

201 452 286 501 rat,
312 446 360 490 in
385 446 622 506 regionem
645 447 867 509 Aegypti,
893 463 1028 508 quam
1054 462 1179 494 nunc
1207 445 1376 495 Castra
1394 445 1654 494 Alexandri

199 523 380 570 vocant,
394 514 633 591 pervenit.
703 514 903 571 Deinde,
929 513 1219 575 pedestribus
1242 513 1388 576 copiis
1423 513 1658 560 Pelusium

197 586 366 643 petere
383 579 540 640 jussis,
564 582 663 643 ipse
699 597 802 628 cum
828 581 1043 657 expedita
1076 580 1361 628 delectorum
1383 595 1523 627 manu
1546 580 1659 628 Nilo

197 662 333 693 amne
354 647 514 695 'vectus
539 657 639 695 est:
676 664 763 695 nec
788 649 1048 695 sustinuere
1071 648 1324 696 adventum
1348 648 1449 710 ejus
1467 646 1650 703 Persae,

197 714 458 762 defectione
508 731 693 777 quoque
742 715 992 777 perterriti.
1074 715 1276 778 Jamque
1320 710 1446 762 haud
1493 730 1551 777 pl
1553 717 1658 762 ocul

199 782 407 844 Memphi
430 789 530 829 erat
555 800 565 838 ;
603 784 652 828 in
677 783 748 844 cuj
758 799 807 829 us
832 782 1062 844 praesidio
1086 783 1296 830 Mazaces
1318 790 1505 846 praetor
1522 782 1658 829 Darii

195 849 398 907 relictus,
427 850 555 896 ocius
589 866 724 896 amne
747 856 976 912 superato,
1014 850 1285 912 octingenta
1306 850 1484 898 talenta
1509 850 1656 896 Alex·

194 917 341 963 andro
399 932 672 977 omnemque
727 918 903 979 regiam
949 917 1278 979 supellectilem
1323 917 1532 965 tradidit.
1596 918 1652 964 *A

192 982 402 1046 Memphi
440 984 599 1030 ecdem
636 985 827 1030 flumine
860 993 1034 1042 vectus,
1083 985 1143 1031 ad
1180 985 1403 1032 interiora
1443 983 1646 1047 Aegypti

189 1058 438 1112 penetrat3
484 1052 838 1113 compositisque
871 1053 1022 1109 rebus,
1059 1051 1126 1099 ita
1158 1060 1212 1099 ut
1256 1051 1373 1098 nihil
1407 1068 1465 1098 ex
1494 1052 1650 1114 patrio

191 1117 536 1180 Aegyptiorum
581 1134 709 1165 more
764 1125 980 1176 mutaret,
1025 1119 1154 1165 adire
1192 1119 1325 1166 Jovis
1372 1117 1649 1165 Hammonis

187 1187 422 1231 oraculum
444 1186 620 1233 statuit.

251 1252 440 1298 XXVII
446 1253 483 1298 Ι.
522 1253 618 1299 Iter
643 1253 869 1314 expeditis
904 1268 1086 1314 quoque
1109 1259 1157 1300 et
1181 1252 1338 1313 paucis
1373 1253 1451 1299 vix
1475 1255 1643 1300 tolera-

183 1319 275 1365 bile
299 1319 659 1380 ingrediendum
685 1329 801 1366 erat.
851 1320 997 1366 Terra
1017 1320 1239 1380 coeloque
1253 1335 1474 1380 aquarum
1493 1337 1641 1382 penu-

180 1387 249 1432 ria
273 1393 342 1433 est
369 1403 378 1433 :
416 1387 594 1434 steriles
619 1403 785 1433 arenae
797 1387 956 1448 jacent
980 1404 990 1433 z
1029 1403 1142 1448 quas
1167 1389 1247 1433 ubi
1270 1403 1413 1448 vapor
1437 1387 1546 1434 solis
1564 1404 1640 1434 ae·

178 1453 350 1510 cendit,
376 1454 554 1500 fervido
572 1455 670 1500 solo
692 1464 916 1501 exurente
940 1455 1147 1515 vestigia,
1167 1454 1466 1502 intolerabilis
1485 1463 1640 1502 aestus

180 1521 351 1577 existit,
389 1521 755 1581 luctandumque
789 1529 871 1578 est,
908 1538 1004 1568 non
1037 1527 1218 1569 tantum
1256 1537 1360 1568 cum
1395 1521 1561 1568 ardore
1595 1532 1643 1569 et

176 1589 382 1635 siccitate
397 1589 612 1649 regionis,
633 1589 713 1635 sed
729 1589 866 1635 etiam
886 1605 989 1635 cum
1012 1589 1303 1635 tenacissimo
1322 1588 1497 1646 sabulo,
1515 1591 1641 1649 quod

176 1657 446 1716 praealtum,
491 1663 538 1702 et
571 1656 767 1717 vestigio
802 1656 983 1712 cedens,
1027 1671 1158 1716 aegre
1192 1656 1444 1702 moliuntur
1478 1657 1639 1718 pedes.

176 1722 308 1769 Haec
343 1723 570 1785 Aegyptii
594 1739 702 1769 vero
735 1723 909 1784 majora
925 1723 1180 1784 jactabant.
1253 1722 1345 1769 Sed
1368 1722 1534 1784 ingens
1556 1739 1637 1769 cu-

173 1790 284 1851 pido
320 1791 525 1836 animum
550 1790 818 1837 stimulabat
841 1791 1044 1837 adeundi
1067 1790 1249 1846 Jovem,
1277 1804 1412 1850 quem
1448 1791 1633 1851 generis

173 1857 243 1902 sui
267 1866 520 1914 auctorem,
543 1858 664 1903 haud
685 1864 934 1904 contentus
953 1857 1137 1904 mortali
1153 1856 1351 1917 fastigio,
1378 1863 1461 1904 aut
1475 1858 1636 1903 crede-

171 1924 255 1970 bat
279 1940 390 1982 esse,
417 1930 499 1971 aut
522 1925 647 1971 credi
671 1924 871 1971 volebat.
944 1924 1070 1984 Ergo
1095 1938 1197 1970 cum
1235 1923 1290 1968 iis
1325 1938 1440 1984 quos
1463 1924 1635 1970 ducere

174 2006 327 2038 secum
354 1999 593 2047 statuerat,
620 1991 823 2037 secundo
857 2005 992 2036 amne
1009 1962 1268 2036 0descendit
1301 1993 1361 2035 ad
1386 1991 1632 2038 Mareotim

176 2057 409 2119 paludem.
481 2058 551 2104 Eo
566 2059 709 2119 legati
730 2058 1063 2119 Cyrenensium
1087 2058 1210 2104 dona
1225 2057 1438 2134 attulere,
1456 2074 1633 2119 pacem,

174 2130 221 2171 et
256 2133 309 2171 ut
333 2125 483 2171 adiret
517 2126 654 2171 urbes
679 2141 796 2182 suas,
823 2133 1049 2185 petentes.
1120 2124 1219 2180 Ille,
1255 2114 1391 2171 donis
1413 2126 1628 2187 accept-is,

172 2192 465 2251 amicitiaque
499 2192 759 2252 conjuncta,
803 2192 1034 2239 destinata
1074 2192 1258 2251 exsequi
1304 2192 1468 2253 pergit.
1556 2192 1635 2239 Ac

170 2259 319 2321 primo
353 2259 538 2318 quidem
576 2267 623 2305 et
668 2259 877 2320 sequenti
924 2259 1000 2305 die
1042 2259 1294 2306 tolerabilis
1326 2258 1457 2305 labor
1490 2251 1632 2315 visus,

170 2327 381 2373 nondum
416 2333 511 2372 tam
551 2326 689 2373 vastis
723 2327 950 2385 nudisque
984 2325 1312 2373 solitudinibus
1346 2325 1499 2381 aditis,
1526 2325 1627 2385 jam

171 2401 326 2440 tamen
372 2393 516 2441 sterili
550 2400 598 2440 et
632 2394 884 2439 emoriente
919 2402 1055 2439 terra.
1126 2392 1220 2439 Sed
1253 2397 1305 2438 ut
1338 2405 1557 2452 aperuere
1579 2409 1630 2439 se

171 2462 320 2522 campi
356 2461 450 2507 alto
486 2460 635 2506 obruti
659 2461 833 2517 sabulo,
860 2460 985 2506 haud
1008 2476 1138 2506 secus
1171 2473 1309 2520 quam
1343 2457 1627 2519 profundum

172 2542 342 2586 aequor
375 2527 585 2588 ingressi,
624 2534 796 2575 terram
832 2527 974 2573 oculis
1008 2526 1317 2586 requirebant.
1386 2524 1531 2571 Nulla
1552 2542 1626 2572 ar·-

170 2594 269 2650 bor,
294 2595 474 2640 nullum
499 2595 613 2642 culti
640 2595 724 2640 soli
749 2596 1020 2641 occurrebat
1043 2592 1287 2653 vestigium
1309 2607 1321 2645 ;
1347 2606 1462 2652 aqua
1485 2593 1627 2638 etiam
1668 2636 1671 2641 .

168 2660 400 2708 defecerat
422 2676 555 2721 quam
581 2663 761 2708 utribus
785 2661 948 2708 cameli
970 2667 1208 2714 vexerant,
1232 2663 1280 2704 et
1300 2657 1349 2702 in
1374 2659 1504 2706 arido
1526 2659 1631 2706 solo

169 2743 221 2773 ac
245 2726 422 2772 fervido
447 2729 606 2774 sabulo
630 2729 757 2774 nulla
781 2728 897 2774 erat.
965 2727 1046 2773 Ad
1068 2726 1181 2773 haec
1203 2725 1271 2771 sol
1293 2726 1450 2771 onmia
1465 2727 1622 2772 incen-

169 2795 316 2848 derat,
341 2793 550 2854 siccaque
575 2803 623 2842 et
645 2796 811 2842 adusta
845 2801 945 2841 erat
967 2809 1074 2847 ora;
1110 2806 1248 2852 quum
1282 2799 1487 2853 repente,
1527 2792 1624 2839 sive

172 2860 288 2907 illud
310 2859 501 2906 deorum
522 2877 700 2920 munus,
713 2863 809 2908 sive
818 2877 948 2908 casus
957 2861 1058 2916 fuit,
1085 2859 1312 2905 obductae
1336 2859 1465 2906 coelo
1479 2859 1628 2906 nubes

170 2927 422 2974 condidere
445 2928 616 2983 solem3
654 2930 813 2988 ingens
851 2935 979 2974 aestu
1022 2925 1242 2987 fatigatis,
1283 2926 1464 2972 etiamsi
1507 2941 1629 2987 aqua

169 2996 395 3051 deficeret,
424 2994 658 3041 auxilium.
727 2994 994 3050 Enimvero,
1032 3000 1084 3040 ut
1118 2993 1295 3053 largum
1320 3007 1501 3054 quoque
1533 2991 1622 3039 im·
