1721 3200
178 197 240 245 58
546 198 785 256 QUINTI
819 199 1055 247 CURTII
1089 198 1253 248 RUFI

176 334 299 380 tivae
321 333 529 396 profecto
552 350 579 380 a
613 335 946 382 consuetudine
982 334 1130 397 stupri
1151 341 1305 383 ortum
1328 350 1425 382 esse
1447 335 1627 398 conjec-

177 412 294 448 tans.
364 401 598 448 Submotis
631 402 775 462 igitur
809 403 1006 459 arbitris,
1043 418 1137 449 uno
1171 402 1401 450 duntaxat
1435 403 1635 466 Tyriote<

175 475 371 523 retento,
400 467 499 528 jam
522 484 618 515 non
641 470 770 525 flens,
806 470 886 516 sed
911 470 1142 531 suspirans
1167 486 1178 517 :
1214 474 1226 495 ‘
1245 469 1452 517 Videsne
1482 471 1628 528 inte,

177 533 384 596 Tyriote,
409 535 561 582 locum
582 537 823 583 mendacio
857 553 951 583 non
985 553 1082 583 esse
1106 537 1130 584 P
1163 543 1395 585 tormenta
1417 537 1518 600 jam
1551 537 1628 585 hic

174 609 337 649 erunt:
373 603 454 649 sed
489 619 549 649 ne
583 605 918 666 exspectaveris
941 620 1024 666 per
1058 605 1184 662 deos,
1220 604 1259 652 si
1291 604 1403 665 quid
1435 605 1509 652 tui
1540 605 1628 652 tibi

172 669 285 728 regis
320 670 605 718 reverentiae
644 680 748 718 est:
798 687 924 728 num,
959 671 1083 732 quod
1117 678 1164 720 et
1204 672 1321 719 scire
1353 678 1536 734 expeto,
1569 680 1620 720 ‘et

171 751 391 797 quaerere
414 738 573 799 pudet,
600 754 736 785 ausus
760 746 830 786 est
864 745 911 786 et
944 739 1160 786 dominus
1183 745 1230 786 et
1245 738 1485 801 juvenis?
1541 737 1632 786 Ille

170 804 429 863 quaestioni
464 821 629 867 corpus
665 807 842 864 offerre,
890 806 1002 853 deos
1035 813 1177 854 testes
1210 802 1443 863 invocare,
1499 813 1625 854 caste

169 878 418 933 sancteque
440 872 647 921 habitam
670 889 768 920 esse
791 873 1016 935 reginam.
1056 873 1266 921 Tandem
1292 880 1345 923 ut
1366 873 1482 921 fides
1504 874 1627 922 facta

169 947 239 984 est
256 954 365 986 vera
398 955 496 986 esse
530 955 646 1001 quae
680 941 927 988 affirmaret
962 941 1120 1003 spadO,
1147 941 1298 1004 capite
1342 941 1511 998 velato,
1545 941 1627 988 diu

170 1004 327 1061 flevit3
377 1008 763 1071 manantibusque
813 1008 964 1055 adhuc
1019 1009 1231 1065 lacrimis,
1268 1014 1398 1056 veste
1448 1009 1507 1055 ab
1548 1024 1627 1056 ore

167 1073 353 1135 rejecta,
380 1075 440 1121 ad
464 1075 642 1121 coelum
667 1091 828 1122 manus
852 1076 1048 1122 tendens
1074 1093 1085 1123 ε
1125 1081 1137 1102 ‘
1154 1076 1236 1122 Dii
1258 1073 1426 1138 patrii,'
1458 1075 1625 1136 inquit,

169 1141 396 1201 ‘primum
431 1141 542 1188 mihi
561 1143 765 1190 stabilite
798 1158 993 1204 regnum
1019 1160 1029 1198 ;
1065 1143 1249 1200 deinde,
1275 1144 1313 1190 si
1345 1143 1405 1190 de
1437 1158 1512 1189 me
1527 1142 1626 1204 jam

166 1214 451 1257 transactum
476 1221 560 1265 est,
596 1225 772 1271 precor,
798 1226 858 1256 ne
881 1210 984 1271 quis
1009 1211 1150 1257 Asiae
1172 1226 1255 1257 rex
1279 1210 1351 1267 sit,
1378 1226 1516 1272 quam
1540 1210 1628 1257 iste

165 1288 259 1321 tam
275 1275 431 1336 justus
454 1276 613 1333 hostis,
631 1283 725 1324 tam
750 1277 1007 1324 misericors
1030 1276 1212 1325 victor?

230 1342 415 1389 XLIII.
450 1344 527 1391 11.
565 1344 731 1405 Itaque
765 1360 1061 1406 quamquam,
1097 1360 1211 1406 pace
1230 1343 1402 1392 frustra
1435 1344 1506 1391 bis
1542 1359 1621 1406 pe·

162 1409 262 1466 tita,
289 1410 444 1457 omnia
465 1410 514 1456 in
536 1411 709 1457 bellum
735 1412 925 1458 consilia
945 1418 1252 1468 converterat,
1278 1412 1428 1459 victus
1464 1419 1619 1459 tamen

162 1477 451 1525 continentia
472 1478 635 1536 hostis,
670 1479 729 1525 ad
762 1495 905 1525 novas
940 1480 1065 1540 pacis
1100 1479 1390 1526 conditiones
1411 1478 1624 1527 ferendas

162 1545 321 1591 decem
347 1545 526 1606 legatos
561 1553 864 1607 cognatorum
888 1546 1118 1608 principes
1140 1546 1266 1594 misit
1290 1563 1301 1593 z
1339 1561 1453 1606 quos
1477 1545 1623 1592 Alex-

163 1611 321 1668 ander,
370 1613 565 1659 concilio
600 1614 839 1670 advocato,
874 1614 1109 1661 introduci
1135 1613 1291 1675 jussit.
1384 1611 1424 1658 E
1458 1612 1625 1675 quibus

165 1679 391 1725 maximus
415 1687 542 1737 natU,
581 1685 593 1705 ‘
617 1680 846 1736 Darium,'
880 1681 1049 1741 inquit,
1086 1685 1167 1728 ‘ut
1201 1696 1360 1742 pacem
1384 1696 1411 1726 a
1444 1686 1494 1727 te
1524 1679 1624 1742 jam

161 1747 249 1793 hoc
272 1747 412 1794 tertio
436 1754 628 1808 peteret,
654 1749 783 1794 nulla
807 1749 875 1794 vis
898 1748 1109 1809 subegit:
1148 1748 1231 1794 sed
1247 1747 1432 1809 justitia
1450 1753 1498 1794 et
1513 1762 1624 1794 con-

162 1813 363 1861 tinentia
395 1822 475 1861 tua
509 1816 747 1876 expressit.
818 1816 1033 1872 Matrem,
1070 1815 1331 1876 conjugem,
1365 1815 1625 1874 liberosque

166 1881 278 1942 ejus,
305 1882 394 1927 nisi
429 1882 551 1942 quod
589 1883 686 1928 sine
719 1882 799 1928 illo
835 1890 958 1939 sunt,
995 1889 1157 1943 captos
1191 1897 1289 1928 esse
1323 1897 1418 1928 non
1453 1881 1619 1927 sensit:

162 1948 413 2010 pudicitiae
459 1965 615 1996 earum
661 1965 780 2011 quae
825 1958 1073 2011 supersunt
1117 1964 1276 1995 curam
1323 1947 1450 1994 haud
1489 1962 1618 1994 secus

161 2031 300 2076 quam
323 2031 488 2076 parens
511 2032 668 2077 agens,
694 2018 876 2077 reginas
900 2016 1134 2077 appellas:
1172 2016 1369 2076 speciem
1402 2014 1624 2076 pristinae

162 2082 377 2129 fortunae
399 2083 600 2130 ret-inere
634 2084 820 2144 pateris.
892 2083 1086 2130 Vultum
1119 2089 1251 2130 tuum
1287 2082 1438 2138 video,
1475 2081 1623 2143 qualis

162 2149 298 2196 Darii
314 2149 416 2206 fuit,
443 2164 581 2209 quum
609 2151 945 2197 dimitteremur
969 2151 1027 2196 ab
1043 2166 1097 2196 eo
1117 2167 1127 2206 ;
1155 2157 1201 2196 et
1224 2150 1303 2196 ille
1326 2155 1483 2197 tamen
1505 2164 1622 2195 uxo-

163 2232 274 2272 rem,
300 2222 351 2263 tu
370 2216 546 2263 hostem
583 2216 728 2278 luges.
797 2217 904 2264 Jam
935 2218 983 2263 in
1002 2219 1099 2264 acie
1123 2223 1281 2275 stares,
1307 2216 1396 2263 nisi
1429 2231 1540 2263 cura
1572 2222 1622 2264 te

164 2283 429 2345 sepulturae
447 2283 544 2345 ejus
577 2290 849 2331 moraretur.
920 2284 983 2332 Et
1007 2285 1119 2344 quid
1143 2284 1310 2331 mirum
1331 2290 1429 2340 est,
1466 2283 1505 2330 si
1522 2288 1617 2330 tam

163 2352 221 2397 ab
243 2352 390 2398 amico
413 2351 567 2397 animo
590 2367 747 2413 pacem
774 2352 891 2413 petit
916 2351 938 2398 ἶ)
974 2352 1084 2411 quid
1109 2367 1225 2412 opus
1248 2358 1318 2398 est
1334 2350 1473 2397 armis
1495 2349 1618 2397 inter

165 2419 403 2480 quosjodia
426 2418 606 2466 sublata
629 2419 775 2467 sunt?
844 2420 1000 2466 Antea
1016 2419 1210 2480 imperio
1241 2424 1325 2465 tuo
1355 2415 1619 2463 destinabat

165 2484 326 2547 Halyn
351 2501 550 2544 amnem,
575 2486 654 2548 qui
679 2485 876 2549 Lydiam
915 2486 1147 2533 terminat.
1214 2485 1370 2541 Nunc,
1394 2481 1619 2544 quidquid

164 2553 286 2598 inter
319 2551 675 2615 Hellespontum
715 2560 760 2600 et
801 2552 1072 2614 Euphraten
1105 2558 1189 2609 est,
1223 2552 1274 2598 in
1306 2550 1462 2597 dotem
1497 2549 1618 2596 filiae

168 2618 315 2675 offert,
358 2635 492 2680 quam
541 2621 626 2668 tibi
661 2621 833 2668 tradit:
875 2620 1055 2666 Ochum
1090 2620 1249 2675 filium,
1284 2631 1421 2678 quem
1457 2615 1614 2672 habes,

169 2685 292 2747 pacis
327 2693 374 2732 et
395 2687 504 2733 fidei
529 2688 735 2733 obsidem
770 2687 949 2734 retine:
988 2693 1179 2734 matrem
1205 2692 1253 2732 et
1275 2684 1387 2737 duas
1409 2682 1613 2744 virgines

167 2753 283 2799 filias
316 2752 460 2798 redde
486 2770 495 2799 :
532 2770 616 2815 pro
651 2755 798 2802 tribus
832 2754 1099 2817 corporibus
1143 2751 1336 2812 triginta
1370 2749 1514 2798 millia
1545 2756 1617 2798 tae-

169 2821 296 2868 lenta
316 2818 415 2865 auri
438 2827 651 2880 precatur
673 2822 883 2883 accipias.
952 2820 1055 2867 Nisi
1079 2817 1438 2865 moderationem
1474 2816 1618 2864 animi

171 2886 240 2934 tui
261 2892 418 2934 notam
443 2886 674 2945 haberem,
709 2904 806 2935 non
829 2888 1027 2935 dicerem
1052 2887 1140 2933 hoc
1163 2899 1260 2931 esse
1292 2891 1488 2947 tempus,
1524 2897 1614 2944 quo

171 2969 331 3016 pacem
365 2968 460 3000 non
495 2953 605 2999 dare
639 2955 801 3011 solum,
850 2955 932 3002 sed
967 2954 1104 3001 etiam
1140 2966 1364 3012 occupare
1407 2951 1617 2998 deberes.

174 3020 387 3082 Respice,
413 3025 634 3081 quantum
662 3028 767 3082 post
791 3027 837 3068 te
858 3019 1124 3081 reliqueris:
1161 3018 1356 3076 intuere,
1391 3023 1615 3080 quantum
