<?xml version="1.0" encoding="UTF-8"?>
<!DOCTYPE html PUBLIC "-//W3C//DTD XHTML 1.0 Transitional//EN"
    "http://www.w3.org/TR/xhtml1/DTD/xhtml1-transitional.dtd">
<html xmlns="http://www.w3.org/1999/xhtml" xml:lang="en" lang="en">
 <head>
  <title>
</title>
<meta http-equiv="Content-Type" content="text/html;charset=utf-8" />
  <meta name='ocr-system' content='tesseract 3.04.00' />
  <meta name='ocr-capabilities' content='ocr_page ocr_carea ocr_par ocr_line ocrx_word'/>
</head>
<body>
  <div class='ocr_page' id='page_1' title='image "./eclogaecurtianae00curtuoft_0073.png"; bbox 0 0 1721 3200; ppageno 0'>
   <div class='ocr_carea' id='block_1_1' title="bbox 538 150 1563 210">
    <p class='ocr_par' dir='ltr' id='par_1_1' title="bbox 538 150 1563 210">
     <span class='ocr_line' id='line_1_1' title="bbox 538 150 1563 210; baseline -0.002 -10"><span class='ocrx_word' id='word_1_1' title='bbox 538 150 745 201; x_wconf 85' lang='lat' dir='ltr'>LIBER</span> <span class='ocrx_word' id='word_1_2' title='bbox 785 150 1124 210; x_wconf 85' lang='lat' dir='ltr'><strong>QUARTUS.</strong></span> <span class='ocrx_word' id='word_1_3' title='bbox 1501 155 1563 201; x_wconf 75' lang='lat'>59</span> 
     </span>
    </p>
   </div>
   <div class='ocr_carea' id='block_1_2' title="bbox 30 285 1569 3052">
    <p class='ocr_par' dir='ltr' id='par_1_2' title="bbox 30 285 1569 887">
     <span class='ocr_line' id='line_1_2' title="bbox 96 285 1566 352; baseline -0.001 -15"><span class='ocrx_word' id='word_1_4' title='bbox 96 286 266 351; x_wconf 75' lang='lat' dir='ltr'>petas!</span> <span class='ocrx_word' id='word_1_5' title='bbox 303 285 612 352; x_wconf 85' lang='lat' dir='ltr'>periculosum</span> <span class='ocrx_word' id='word_1_6' title='bbox 637 294 708 336; x_wconf 94' lang='lat' dir='ltr'>est</span> <span class='ocrx_word' id='word_1_7' title='bbox 730 287 1020 350; x_wconf 79' lang='lat' dir='ltr'>praegrande</span> <span class='ocrx_word' id='word_1_8' title='bbox 1053 286 1298 349; x_wconf 87' lang='lat' dir='ltr'>imperium</span> <span class='ocrx_word' id='word_1_9' title='bbox 1327 303 1338 335; x_wconf 77' lang='grc' dir='ltr'>ε</span> <span class='ocrx_word' id='word_1_10' title='bbox 1376 287 1566 336; x_wconf 87' lang='lat' dir='ltr'>difficile</span> 
     </span>
     <span class='ocr_line' id='line_1_3' title="bbox 100 354 1563 417; baseline -0.001 -14"><span class='ocrx_word' id='word_1_11' title='bbox 100 362 173 404; x_wconf 84' lang='lat' dir='ltr'>est</span> <span class='ocrx_word' id='word_1_12' title='bbox 205 354 463 412; x_wconf 82' lang='lat' dir='ltr'>continere,</span> <span class='ocrx_word' id='word_1_13' title='bbox 500 355 626 417; x_wconf 92' lang='lat' dir='ltr'>quod</span> <span class='ocrx_word' id='word_1_14' title='bbox 671 370 836 417; x_wconf 83' lang='lat' dir='ltr'>capere</span> <span class='ocrx_word' id='word_1_15' title='bbox 875 370 970 403; x_wconf 92' lang='lat' dir='ltr'>non</span> <span class='ocrx_word' id='word_1_16' title='bbox 1017 355 1178 417; x_wconf 89' lang='lat' dir='ltr'>possis.</span> <span class='ocrx_word' id='word_1_17' title='bbox 1254 354 1471 414; x_wconf 78' lang='lat' dir='ltr'><strong>Videsne,</strong></span> <span class='ocrx_word' id='word_1_18' title='bbox 1515 366 1563 402; x_wconf 89' lang='lat' dir='ltr'>ut</span> 
     </span>
     <span class='ocr_line' id='line_1_4' title="bbox 102 421 1564 485; baseline 0.001 -15"><span class='ocrx_word' id='word_1_19' title='bbox 102 421 302 485; x_wconf 72' lang='lat' dir='ltr'>navigia,</span> <span class='ocrx_word' id='word_1_20' title='bbox 326 436 445 483; x_wconf 90' lang='lat' dir='ltr'>quae</span> <span class='ocrx_word' id='word_1_21' title='bbox 466 422 651 470; x_wconf 88' lang='lat' dir='ltr'>modum</span> <span class='ocrx_word' id='word_1_22' title='bbox 675 422 925 480; x_wconf 86' lang='lat' dir='ltr'>excedunt,</span> <span class='ocrx_word' id='word_1_23' title='bbox 946 423 1044 483; x_wconf 86' lang='lat' dir='ltr'>regi</span> <span class='ocrx_word' id='word_1_24' title='bbox 1069 430 1300 482; x_wconf 80' lang='lat' dir='ltr'>nequeant</span> <span class='ocrx_word' id='word_1_25' title='bbox 1317 423 1342 469; x_wconf 73' lang='grc' dir='ltr'>ἶ)</span> <span class='ocrx_word' id='word_1_26' title='bbox 1378 423 1564 473; x_wconf 75' lang='lat' dir='ltr'>Nescio,</span> 
     </span>
     <span class='ocr_line' id='line_1_5' title="bbox 102 488 1569 554; baseline 0 -16"><span class='ocrx_word' id='word_1_27' title='bbox 102 505 163 538; x_wconf 82' lang='lat' dir='ltr'>an</span> <span class='ocrx_word' id='word_1_28' title='bbox 197 488 372 537; x_wconf 85' lang='lat' dir='ltr'>Darius</span> <span class='ocrx_word' id='word_1_29' title='bbox 404 489 512 537; x_wconf 91' lang='lat' dir='ltr'>ideo</span> <span class='ocrx_word' id='word_1_30' title='bbox 542 496 639 537; x_wconf 87' lang='lat' dir='ltr'>tam</span> <span class='ocrx_word' id='word_1_31' title='bbox 677 489 823 537; x_wconf 87' lang='lat' dir='ltr'>multa</span> <span class='ocrx_word' id='word_1_32' title='bbox 857 490 1080 548; x_wconf 89' lang='lat' dir='ltr'>amiserit,</span> <span class='ocrx_word' id='word_1_33' title='bbox 1116 490 1222 550; x_wconf 87' lang='lat' dir='ltr'>quia</span> <span class='ocrx_word' id='word_1_34' title='bbox 1255 490 1424 538; x_wconf 81' lang='lat' dir='ltr'>nimiae</span> <span class='ocrx_word' id='word_1_35' title='bbox 1458 507 1569 554; x_wconf 88' lang='lat' dir='ltr'>opes</span> 
     </span>
     <span class='ocr_line' id='line_1_6' title="bbox 102 556 1567 620; baseline 0.002 -17"><span class='ocrx_word' id='word_1_36' title='bbox 102 570 301 620; x_wconf 76' lang='lat' dir='ltr'>magnae</span> <span class='ocrx_word' id='word_1_37' title='bbox 314 556 524 620; x_wconf 80' lang='lat' dir='ltr'>jacturae</span> <span class='ocrx_word' id='word_1_38' title='bbox 556 557 707 604; x_wconf 89' lang='lat' dir='ltr'>locum</span> <span class='ocrx_word' id='word_1_39' title='bbox 741 557 930 605; x_wconf 83' lang='lat' dir='ltr'>faciunt.</span> <span class='ocrx_word' id='word_1_40' title='bbox 1002 556 1201 604; x_wconf 85' lang='lat' dir='ltr'>Facilius</span> <span class='ocrx_word' id='word_1_41' title='bbox 1235 563 1305 606; x_wconf 87' lang='lat' dir='ltr'>est</span> <span class='ocrx_word' id='word_1_42' title='bbox 1338 558 1567 619; x_wconf 79' lang='lat' dir='ltr'>quaedam</span> 
     </span>
     <span class='ocr_line' id='line_1_7' title="bbox 102 624 1567 687; baseline 0.004 -18"><span class='ocrx_word' id='word_1_43' title='bbox 102 625 301 682; x_wconf 73' lang='lat' dir='ltr'>vincere,</span> <span class='ocrx_word' id='word_1_44' title='bbox 344 639 480 686; x_wconf 86' lang='lat' dir='ltr'>quam</span> <span class='ocrx_word' id='word_1_45' title='bbox 517 625 673 673; x_wconf 91' lang='lat' dir='ltr'>tueri:</span> <span class='ocrx_word' id='word_1_46' title='bbox 708 639 845 686; x_wconf 88' lang='lat' dir='ltr'>quam</span> <span class='ocrx_word' id='word_1_47' title='bbox 879 624 1065 672; x_wconf 86' lang='lat' dir='ltr'>hercule</span> <span class='ocrx_word' id='word_1_48' title='bbox 1098 625 1366 687; x_wconf 83' lang='lat' dir='ltr'>expeditius</span> <span class='ocrx_word' id='word_1_49' title='bbox 1402 641 1567 675; x_wconf 82' lang='lat' dir='ltr'>manus</span> 
     </span>
     <span class='ocr_line' id='line_1_8' title="bbox 30 692 1568 755; baseline 0.002 -17"><span class='ocrx_word' id='word_1_50' title='bbox 30 744 36 755; x_wconf 36' lang='grc' dir='ltr'>Ι</span> <span class='ocrx_word' id='word_1_51' title='bbox 102 698 290 742; x_wconf 77' lang='lat' dir='ltr'>nostrae</span> <span class='ocrx_word' id='word_1_52' title='bbox 321 692 521 754; x_wconf 88' lang='lat' dir='ltr'>rapiunt,</span> <span class='ocrx_word' id='word_1_53' title='bbox 557 707 695 753; x_wconf 87' lang='lat' dir='ltr'>quam</span> <span class='ocrx_word' id='word_1_54' title='bbox 744 692 1026 740; x_wconf 82' lang='lat' dir='ltr'>continent!</span> <span class='ocrx_word' id='word_1_55' title='bbox 1110 692 1216 754; x_wconf 87' lang='lat' dir='ltr'>Ipsa</span> <span class='ocrx_word' id='word_1_56' title='bbox 1250 707 1374 740; x_wconf 88' lang='lat' dir='ltr'>mors</span> <span class='ocrx_word' id='word_1_57' title='bbox 1408 695 1568 741; x_wconf 81' lang='lat' dir='ltr'>uxoris</span> 
     </span>
     <span class='ocr_line' id='line_1_9' title="bbox 102 758 1567 822; baseline 0.003 -16"><span class='ocrx_word' id='word_1_58' title='bbox 102 758 236 807; x_wconf 80' lang='lat' dir='ltr'>Darii</span> <span class='ocrx_word' id='word_1_59' title='bbox 260 766 307 807; x_wconf 86' lang='lat' dir='ltr'>te</span> <span class='ocrx_word' id='word_1_60' title='bbox 328 759 582 807; x_wconf 86' lang='lat' dir='ltr'>admonere</span> <span class='ocrx_word' id='word_1_61' title='bbox 606 766 775 822; x_wconf 89' lang='lat' dir='ltr'>potest,</span> <span class='ocrx_word' id='word_1_62' title='bbox 799 760 952 807; x_wconf 89' lang='lat' dir='ltr'>minus</span> <span class='ocrx_word' id='word_1_63' title='bbox 967 759 1064 822; x_wconf 89' lang='lat' dir='ltr'>jam</span> <span class='ocrx_word' id='word_1_64' title='bbox 1094 760 1435 809; x_wconf 82' lang='lat' dir='ltr'>misericordiae</span> <span class='ocrx_word' id='word_1_65' title='bbox 1458 770 1567 810; x_wconf 84' lang='lat' dir='ltr'>tuac</span> 
     </span>
     <span class='ocr_line' id='line_1_10' title="bbox 98 825 600 887; baseline 0.002 -14"><span class='ocrx_word' id='word_1_66' title='bbox 98 825 251 884; x_wconf 85' lang='lat' dir='ltr'>licere,</span> <span class='ocrx_word' id='word_1_67' title='bbox 277 841 413 887; x_wconf 87' lang='lat' dir='ltr'>quam</span> <span class='ocrx_word' id='word_1_68' title='bbox 436 826 600 875; x_wconf 85' lang='lat' dir='ltr'>licuit.’</span> 
     </span>
    </p>

    <p class='ocr_par' dir='ltr' id='par_1_3' title="bbox 36 893 1569 2288">
     <span class='ocr_line' id='line_1_11' title="bbox 165 893 1565 956; baseline 0 -15"><span class='ocrx_word' id='word_1_69' title='bbox 165 893 347 941; x_wconf 89' lang='lat' dir='ltr'>XLIV.</span> <span class='ocrx_word' id='word_1_70' title='bbox 437 894 723 951; x_wconf 84' lang='lat' dir='ltr'>Alexander,</span> <span class='ocrx_word' id='word_1_71' title='bbox 775 894 942 956; x_wconf 83' lang='lat' dir='ltr'>legatis</span> <span class='ocrx_word' id='word_1_72' title='bbox 991 896 1220 944; x_wconf 84' lang='lat' dir='ltr'>excedere</span> <span class='ocrx_word' id='word_1_73' title='bbox 1266 897 1565 945; x_wconf 85' lang='lat' dir='ltr'>tabernaculo</span> 
     </span>
     <span class='ocr_line' id='line_1_12' title="bbox 93 959 1569 1024; baseline 0.003 -15"><span class='ocrx_word' id='word_1_74' title='bbox 93 960 250 1022; x_wconf 86' lang='lat' dir='ltr'>jussis,</span> <span class='ocrx_word' id='word_1_75' title='bbox 273 961 387 1023; x_wconf 90' lang='lat' dir='ltr'>quid</span> <span class='ocrx_word' id='word_1_76' title='bbox 419 959 623 1024; x_wconf 84' lang='lat' dir='ltr'>placeret</span> <span class='ocrx_word' id='word_1_77' title='bbox 656 962 715 1010; x_wconf 90' lang='lat' dir='ltr'>ad</span> <span class='ocrx_word' id='word_1_78' title='bbox 760 962 1006 1010; x_wconf 91' lang='lat' dir='ltr'>concilium</span> <span class='ocrx_word' id='word_1_79' title='bbox 1053 962 1210 1012; x_wconf 88' lang='lat' dir='ltr'>refert.</span> <span class='ocrx_word' id='word_1_80' title='bbox 1297 963 1395 1011; x_wconf 92' lang='lat' dir='ltr'>Diu</span> <span class='ocrx_word' id='word_1_81' title='bbox 1429 981 1569 1014; x_wconf 87' lang='lat' dir='ltr'>nemo</span> 
     </span>
     <span class='ocr_line' id='line_1_13' title="bbox 99 1028 1563 1094; baseline 0.004 -19"><span class='ocrx_word' id='word_1_82' title='bbox 99 1028 212 1089; x_wconf 89' lang='lat' dir='ltr'>quid</span> <span class='ocrx_word' id='word_1_83' title='bbox 234 1030 429 1078; x_wconf 77' lang='lat' dir='ltr'>sentiret</span> <span class='ocrx_word' id='word_1_84' title='bbox 452 1044 587 1077; x_wconf 90' lang='lat' dir='ltr'>ausus</span> <span class='ocrx_word' id='word_1_85' title='bbox 611 1040 682 1078; x_wconf 86' lang='lat' dir='ltr'>est</span> <span class='ocrx_word' id='word_1_86' title='bbox 715 1029 882 1086; x_wconf 80' lang='lat' dir='ltr'>dicere,</span> <span class='ocrx_word' id='word_1_87' title='bbox 920 1031 1098 1078; x_wconf 85' lang='lat' dir='ltr'>incerta</span> <span class='ocrx_word' id='word_1_88' title='bbox 1130 1031 1253 1094; x_wconf 84' lang='lat' dir='ltr'>regis</span> <span class='ocrx_word' id='word_1_89' title='bbox 1288 1032 1529 1081; x_wconf 78' lang='lat' dir='ltr'>voluntate</span> <span class='ocrx_word' id='word_1_90' title='bbox 1553 1051 1563 1089; x_wconf 91' lang='grc'>;</span> 
     </span>
     <span class='ocr_line' id='line_1_14' title="bbox 99 1095 1568 1163; baseline 0.003 -20"><span class='ocrx_word' id='word_1_91' title='bbox 99 1095 288 1143; x_wconf 81' lang='lat' dir='ltr'>tandem</span> <span class='ocrx_word' id='word_1_92' title='bbox 315 1097 576 1154; x_wconf 87' lang='lat' dir='ltr'>Parmenio,</span> <span class='ocrx_word' id='word_1_93' title='bbox 612 1103 723 1144; x_wconf 86' lang='lat' dir='ltr'>ante</span> <span class='ocrx_word' id='word_1_94' title='bbox 756 1098 964 1154; x_wconf 84' lang='lat' dir='ltr'>suasisse,</span> <span class='ocrx_word' id='word_1_95' title='bbox 1001 1098 1081 1154; x_wconf 89' lang='lat' dir='ltr'>ait,</span> <span class='ocrx_word' id='word_1_96' title='bbox 1116 1106 1168 1146; x_wconf 92' lang='lat' dir='ltr'>ut</span> <span class='ocrx_word' id='word_1_97' title='bbox 1202 1099 1410 1162; x_wconf 84' lang='lat' dir='ltr'>captivos</span> <span class='ocrx_word' id='word_1_98' title='bbox 1444 1102 1568 1163; x_wconf 89' lang='lat' dir='ltr'>apud</span> 
     </span>
     <span class='ocr_line' id='line_1_15' title="bbox 99 1162 1567 1229; baseline 0.002 -17"><span class='ocrx_word' id='word_1_99' title='bbox 99 1162 381 1212; x_wconf 72' lang='lat' dir='ltr'>Damascum</span> <span class='ocrx_word' id='word_1_100' title='bbox 405 1164 742 1212; x_wconf 83' lang='lat' dir='ltr'>redimentibus</span> <span class='ocrx_word' id='word_1_101' title='bbox 764 1165 982 1213; x_wconf 91' lang='lat' dir='ltr'>redderet</span> <span class='ocrx_word' id='word_1_102' title='bbox 1002 1182 1012 1220; x_wconf 93' lang='lat'>;</span> <span class='ocrx_word' id='word_1_103' title='bbox 1063 1167 1299 1227; x_wconf 89' lang='lat' dir='ltr'>ingentem</span> <span class='ocrx_word' id='word_1_104' title='bbox 1325 1168 1567 1229; x_wconf 87' lang='lat' dir='ltr'>pecuniam</span> 
     </span>
     <span class='ocr_line' id='line_1_16' title="bbox 98 1230 1567 1293; baseline 0.003 -14"><span class='ocrx_word' id='word_1_105' title='bbox 98 1230 304 1292; x_wconf 84' lang='lat' dir='ltr'>potuisse</span> <span class='ocrx_word' id='word_1_106' title='bbox 325 1231 476 1293; x_wconf 83' lang='lat' dir='ltr'>redigi</span> <span class='ocrx_word' id='word_1_107' title='bbox 500 1247 560 1278; x_wconf 84' lang='lat' dir='ltr'>ex</span> <span class='ocrx_word' id='word_1_108' title='bbox 582 1232 650 1289; x_wconf 91' lang='lat' dir='ltr'>iis,</span> <span class='ocrx_word' id='word_1_109' title='bbox 677 1233 756 1293; x_wconf 92' lang='lat' dir='ltr'>qui</span> <span class='ocrx_word' id='word_1_110' title='bbox 791 1232 924 1280; x_wconf 89' lang='lat' dir='ltr'>multi</span> <span class='ocrx_word' id='word_1_111' title='bbox 960 1233 1102 1281; x_wconf 91' lang='lat' dir='ltr'>vincti</span> <span class='ocrx_word' id='word_1_112' title='bbox 1138 1234 1341 1281; x_wconf 89' lang='lat' dir='ltr'>virorum</span> <span class='ocrx_word' id='word_1_113' title='bbox 1379 1235 1567 1285; x_wconf 85' lang='lat' dir='ltr'>fortium</span> 
     </span>
     <span class='ocr_line' id='line_1_17' title="bbox 99 1299 1566 1363; baseline 0.005 -18"><span class='ocrx_word' id='word_1_114' title='bbox 99 1307 380 1361; x_wconf 84' lang='lat' dir='ltr'>occuparent</span> <span class='ocrx_word' id='word_1_115' title='bbox 423 1314 623 1347; x_wconf 89' lang='lat' dir='ltr'>manus:</span> <span class='ocrx_word' id='word_1_116' title='bbox 677 1299 741 1348; x_wconf 82' lang='lat' dir='ltr'>Et</span> <span class='ocrx_word' id='word_1_117' title='bbox 786 1316 911 1347; x_wconf 91' lang='lat' dir='ltr'>nunc</span> <span class='ocrx_word' id='word_1_118' title='bbox 959 1317 1243 1363; x_wconf 84' lang='lat' dir='ltr'>magnopere</span> <span class='ocrx_word' id='word_1_119' title='bbox 1277 1318 1480 1361; x_wconf 86' lang='lat' dir='ltr'>censere,</span> <span class='ocrx_word' id='word_1_120' title='bbox 1516 1314 1566 1353; x_wconf 92' lang='lat' dir='ltr'>ut</span> 
     </span>
     <span class='ocr_line' id='line_1_18' title="bbox 100 1367 1567 1431; baseline 0.005 -19"><span class='ocrx_word' id='word_1_121' title='bbox 100 1380 240 1413; x_wconf 83' lang='lat' dir='ltr'>unam</span> <span class='ocrx_word' id='word_1_122' title='bbox 265 1381 420 1423; x_wconf 90' lang='lat' dir='ltr'>anum,</span> <span class='ocrx_word' id='word_1_123' title='bbox 447 1374 495 1414; x_wconf 90' lang='lat' dir='ltr'>ct</span> <span class='ocrx_word' id='word_1_124' title='bbox 518 1367 632 1414; x_wconf 86' lang='lat' dir='ltr'>duas</span> <span class='ocrx_word' id='word_1_125' title='bbox 657 1367 844 1429; x_wconf 84' lang='lat' dir='ltr'>puellas,</span> <span class='ocrx_word' id='word_1_126' title='bbox 872 1368 1090 1415; x_wconf 86' lang='lat' dir='ltr'>itinerum</span> <span class='ocrx_word' id='word_1_127' title='bbox 1127 1369 1458 1431; x_wconf 84' lang='lat' dir='ltr'>agminumque</span> <span class='ocrx_word' id='word_1_128' title='bbox 1482 1372 1567 1418; x_wconf 89' lang='lat' dir='ltr'>im-</span> 
     </span>
     <span class='ocr_line' id='line_1_19' title="bbox 96 1427 1563 1499; baseline 0.005 -19"><span class='ocrx_word' id='word_1_129' title='bbox 96 1427 378 1494; x_wconf 63' lang='lat' dir='ltr'>pedimenta,</span> <span class='ocrx_word' id='word_1_130' title='bbox 421 1435 617 1495; x_wconf 80' lang='lat' dir='ltr'>triginta</span> <span class='ocrx_word' id='word_1_131' title='bbox 662 1435 865 1482; x_wconf 87' lang='lat' dir='ltr'>millibus</span> <span class='ocrx_word' id='word_1_132' title='bbox 911 1435 1099 1483; x_wconf 83' lang='lat' dir='ltr'>talentis</span> <span class='ocrx_word' id='word_1_133' title='bbox 1146 1436 1246 1483; x_wconf 86' lang='lat' dir='ltr'>auri</span> <span class='ocrx_word' id='word_1_134' title='bbox 1292 1448 1563 1499; x_wconf 86' lang='lat' dir='ltr'>permutet:</span> 
     </span>
     <span class='ocr_line' id='line_1_20' title="bbox 36 1500 1563 1564; baseline 0.002 -13"><span class='ocrx_word' id='word_1_135' title='bbox 36 1549 40 1551; x_wconf 9' lang='lat' dir='ltr'>a</span> <span class='ocrx_word' id='word_1_136' title='bbox 99 1500 320 1563; x_wconf 87' lang='lat' dir='ltr'>Opimum</span> <span class='ocrx_word' id='word_1_137' title='bbox 343 1517 538 1564; x_wconf 87' lang='lat' dir='ltr'>regnum</span> <span class='ocrx_word' id='word_1_138' title='bbox 565 1503 778 1564; x_wconf 87' lang='lat' dir='ltr'>occupari</span> <span class='ocrx_word' id='word_1_139' title='bbox 804 1518 936 1564; x_wconf 87' lang='lat' dir='ltr'>posse</span> <span class='ocrx_word' id='word_1_140' title='bbox 960 1502 1245 1560; x_wconf 89' lang='lat' dir='ltr'>conditione,</span> <span class='ocrx_word' id='word_1_141' title='bbox 1271 1520 1367 1551; x_wconf 90' lang='lat' dir='ltr'>non</span> <span class='ocrx_word' id='word_1_142' title='bbox 1403 1506 1527 1553; x_wconf 84' lang='lat' dir='ltr'>bello</span> <span class='ocrx_word' id='word_1_143' title='bbox 1552 1526 1563 1555; x_wconf 90' lang='lat'>:</span> 
     </span>
     <span class='ocr_line' id='line_1_21' title="bbox 96 1569 1567 1636; baseline 0.005 -22"><span class='ocrx_word' id='word_1_144' title='bbox 96 1583 184 1615; x_wconf 89' lang='lat' dir='ltr'>nec</span> <span class='ocrx_word' id='word_1_145' title='bbox 205 1582 478 1629; x_wconf 87' lang='lat' dir='ltr'>quemquam</span> <span class='ocrx_word' id='word_1_146' title='bbox 502 1569 642 1616; x_wconf 90' lang='lat' dir='ltr'>alium</span> <span class='ocrx_word' id='word_1_147' title='bbox 680 1571 802 1618; x_wconf 89' lang='lat' dir='ltr'>inter</span> <span class='ocrx_word' id='word_1_148' title='bbox 828 1569 997 1617; x_wconf 86' lang='lat' dir='ltr'>Istrum</span> <span class='ocrx_word' id='word_1_149' title='bbox 1029 1579 1078 1618; x_wconf 91' lang='lat' dir='ltr'>et</span> <span class='ocrx_word' id='word_1_150' title='bbox 1103 1569 1374 1633; x_wconf 87' lang='lat' dir='ltr'>Euphraten</span> <span class='ocrx_word' id='word_1_151' title='bbox 1410 1589 1567 1636; x_wconf 81' lang='lat' dir='ltr'>posse-</span> 
     </span>
     <span class='ocr_line' id='line_1_22' title="bbox 97 1634 1567 1698; baseline 0.007 -18"><span class='ocrx_word' id='word_1_152' title='bbox 97 1634 220 1682; x_wconf 84' lang='lat' dir='ltr'>disse</span> <span class='ocrx_word' id='word_1_153' title='bbox 237 1643 383 1684; x_wconf 88' lang='lat' dir='ltr'>terras</span> <span class='ocrx_word' id='word_1_154' title='bbox 405 1637 588 1697; x_wconf 87' lang='lat' dir='ltr'>ingenti</span> <span class='ocrx_word' id='word_1_155' title='bbox 606 1639 756 1698; x_wconf 88' lang='lat' dir='ltr'>spatio</span> <span class='ocrx_word' id='word_1_156' title='bbox 780 1637 1112 1698; x_wconf 85' lang='lat' dir='ltr'>intervalloque</span> <span class='ocrx_word' id='word_1_157' title='bbox 1129 1639 1352 1688; x_wconf 85' lang='lat' dir='ltr'>discretas</span> <span class='ocrx_word' id='word_1_158' title='bbox 1372 1658 1382 1688; x_wconf 92' lang='lat'><strong>:</strong></span> <span class='ocrx_word' id='word_1_159' title='bbox 1412 1641 1567 1690; x_wconf 84' lang='lat' dir='ltr'>Macc-</span> 
     </span>
     <span class='ocr_line' id='line_1_23' title="bbox 97 1701 1564 1766; baseline 0.007 -19"><span class='ocrx_word' id='word_1_160' title='bbox 97 1701 286 1749; x_wconf 79' lang='lat' dir='ltr'>‹loniam</span> <span class='ocrx_word' id='word_1_161' title='bbox 310 1716 490 1764; x_wconf 89' lang='lat' dir='ltr'>quoque</span> <span class='ocrx_word' id='word_1_162' title='bbox 512 1705 762 1766; x_wconf 83' lang='lat' dir='ltr'>respiceret</span> <span class='ocrx_word' id='word_1_163' title='bbox 796 1705 965 1766; x_wconf 86' lang='lat' dir='ltr'>potius,</span> <span class='ocrx_word' id='word_1_164' title='bbox 991 1721 1126 1766; x_wconf 86' lang='lat' dir='ltr'>quam</span> <span class='ocrx_word' id='word_1_165' title='bbox 1156 1705 1326 1755; x_wconf 87' lang='lat' dir='ltr'>Bactra</span> <span class='ocrx_word' id='word_1_166' title='bbox 1349 1716 1398 1757; x_wconf 91' lang='lat' dir='ltr'>et</span> <span class='ocrx_word' id='word_1_167' title='bbox 1423 1709 1564 1757; x_wconf 84' lang='lat' dir='ltr'>Indos</span> 
     </span>
     <span class='ocr_line' id='line_1_24' title="bbox 99 1769 1561 1835; baseline 0.007 -21"><span class='ocrx_word' id='word_1_168' title='bbox 99 1769 372 1817; x_wconf 87' lang='lat' dir='ltr'>intueretur.</span> <span class='ocrx_word' id='word_1_169' title='bbox 444 1770 637 1832; x_wconf 81' lang='lat' dir='ltr'>Ingrata</span> <span class='ocrx_word' id='word_1_170' title='bbox 660 1772 808 1820; x_wconf 87' lang='lat' dir='ltr'>oratio</span> <span class='ocrx_word' id='word_1_171' title='bbox 831 1773 931 1833; x_wconf 86' lang='lat' dir='ltr'>regi</span> <span class='ocrx_word' id='word_1_172' title='bbox 966 1772 1067 1821; x_wconf 87' lang='lat' dir='ltr'>fuit.</span> <span class='ocrx_word' id='word_1_173' title='bbox 1141 1773 1304 1835; x_wconf 86' lang='lat' dir='ltr'>Itaque</span> <span class='ocrx_word' id='word_1_174' title='bbox 1339 1786 1387 1824; x_wconf 91' lang='lat' dir='ltr'>ut</span> <span class='ocrx_word' id='word_1_175' title='bbox 1423 1777 1561 1824; x_wconf 75' lang='lat' dir='ltr'>finem</span> 
     </span>
     <span class='ocr_line' id='line_1_25' title="bbox 95 1835 1562 1906; baseline 0.007 -24"><span class='ocrx_word' id='word_1_176' title='bbox 95 1835 283 1884; x_wconf 88' lang='lat' dir='ltr'>dicendi</span> <span class='ocrx_word' id='word_1_177' title='bbox 305 1836 414 1886; x_wconf 86' lang='lat' dir='ltr'>fecit</span> <span class='ocrx_word' id='word_1_178' title='bbox 437 1853 449 1885; x_wconf 85' lang='lat'>:</span> <span class='ocrx_word' id='word_1_179' title='bbox 486 1844 498 1864; x_wconf 82' lang='lat'><strong><em>⁴</em></strong></span> <span class='ocrx_word' id='word_1_180' title='bbox 520 1838 583 1887; x_wconf 87' lang='lat' dir='ltr'>Et</span> <span class='ocrx_word' id='word_1_181' title='bbox 606 1838 724 1900; x_wconf 84' lang='lat' dir='ltr'>ego,’</span> <span class='ocrx_word' id='word_1_182' title='bbox 792 1840 957 1900; x_wconf 91' lang='lat' dir='ltr'>inquit,</span> <span class='ocrx_word' id='word_1_183' title='bbox 994 1842 1267 1904; x_wconf 88' lang='lat' dir='ltr'>‘pecuniam</span> <span class='ocrx_word' id='word_1_184' title='bbox 1302 1858 1436 1904; x_wconf 86' lang='lat' dir='ltr'>quam</span> <span class='ocrx_word' id='word_1_185' title='bbox 1460 1846 1562 1906; x_wconf 79' lang='lat' dir='ltr'>glo·</span> 
     </span>
     <span class='ocr_line' id='line_1_26' title="bbox 95 1902 1562 1971; baseline 0.007 -21"><span class='ocrx_word' id='word_1_186' title='bbox 95 1902 211 1950; x_wconf 83' lang='lat' dir='ltr'>riam</span> <span class='ocrx_word' id='word_1_187' title='bbox 255 1905 453 1962; x_wconf 87' lang='lat' dir='ltr'>mallem,</span> <span class='ocrx_word' id='word_1_188' title='bbox 497 1907 535 1953; x_wconf 90' lang='lat' dir='ltr'>si</span> <span class='ocrx_word' id='word_1_189' title='bbox 577 1905 824 1954; x_wconf 83' lang='lat' dir='ltr'>Parmenio</span> <span class='ocrx_word' id='word_1_190' title='bbox 857 1923 1017 1955; x_wconf 84' lang='lat' dir='ltr'>essem.</span> <span class='ocrx_word' id='word_1_191' title='bbox 1091 1906 1255 1971; x_wconf 88' lang='lat' dir='ltr'>[Nunc</span> <span class='ocrx_word' id='word_1_192' title='bbox 1290 1911 1562 1961; x_wconf 85' lang='lat' dir='ltr'>Alexander</span> 
     </span>
     <span class='ocr_line' id='line_1_27' title="bbox 94 1970 1558 2035; baseline 0.008 -19"><span class='ocrx_word' id='word_1_193' title='bbox 94 1970 156 2016; x_wconf 90' lang='lat' dir='ltr'>de</span> <span class='ocrx_word' id='word_1_194' title='bbox 198 1981 471 2035; x_wconf 72' lang='lat' dir='ltr'>paupertate</span> <span class='ocrx_word' id='word_1_195' title='bbox 504 1989 689 2021; x_wconf 84' lang='lat' dir='ltr'>securus</span> <span class='ocrx_word' id='word_1_196' title='bbox 724 1989 857 2022; x_wconf 86' lang='lat' dir='ltr'>sum:</span> <span class='ocrx_word' id='word_1_197' title='bbox 909 1983 957 2023; x_wconf 89' lang='lat' dir='ltr'>ct</span> <span class='ocrx_word' id='word_1_198' title='bbox 1008 1992 1080 2024; x_wconf 86' lang='lat' dir='ltr'>me</span> <span class='ocrx_word' id='word_1_199' title='bbox 1127 1992 1221 2024; x_wconf 91' lang='lat' dir='ltr'>non</span> <span class='ocrx_word' id='word_1_200' title='bbox 1258 1989 1558 2029; x_wconf 83' lang='lat' dir='ltr'>mercatorem</span> 
     </span>
     <span class='ocr_line' id='line_1_28' title="bbox 98 2039 1557 2108; baseline 0.008 -24"><span class='ocrx_word' id='word_1_201' title='bbox 98 2039 289 2085; x_wconf 88' lang='lat' dir='ltr'>memini</span> <span class='ocrx_word' id='word_1_202' title='bbox 311 2054 422 2094; x_wconf 83' lang='lat' dir='ltr'>esse,</span> <span class='ocrx_word' id='word_1_203' title='bbox 446 2042 528 2088; x_wconf 88' lang='lat' dir='ltr'>red</span> <span class='ocrx_word' id='word_1_204' title='bbox 553 2042 753 2108; x_wconf 85' lang='lat' dir='ltr'>rcgem.]</span> <span class='ocrx_word' id='word_1_205' title='bbox 825 2042 951 2089; x_wconf 88' lang='lat' dir='ltr'>Nihil</span> <span class='ocrx_word' id='word_1_206' title='bbox 978 2044 1162 2104; x_wconf 89' lang='lat' dir='ltr'>quidem</span> <span class='ocrx_word' id='word_1_207' title='bbox 1187 2045 1336 2092; x_wconf 82' lang='lat' dir='ltr'>habeo</span> <span class='ocrx_word' id='word_1_208' title='bbox 1361 2049 1522 2096; x_wconf 72' lang='lat' dir='ltr'>venale</span> <span class='ocrx_word' id='word_1_209' title='bbox 1546 2068 1557 2095; x_wconf 73' lang='grc' dir='ltr'><em>τ</em></span> 
     </span>
     <span class='ocr_line' id='line_1_29' title="bbox 96 2104 1554 2176; baseline 0.009 -26"><span class='ocrx_word' id='word_1_210' title='bbox 96 2104 177 2150; x_wconf 83' lang='lat' dir='ltr'>sed</span> <span class='ocrx_word' id='word_1_211' title='bbox 223 2105 454 2154; x_wconf 82' lang='lat' dir='ltr'>fortunam</span> <span class='ocrx_word' id='word_1_212' title='bbox 504 2124 650 2156; x_wconf 88' lang='lat' dir='ltr'>meam</span> <span class='ocrx_word' id='word_1_213' title='bbox 689 2111 846 2170; x_wconf 86' lang='lat' dir='ltr'>utiquc</span> <span class='ocrx_word' id='word_1_214' title='bbox 882 2126 974 2158; x_wconf 91' lang='lat' dir='ltr'>non</span> <span class='ocrx_word' id='word_1_215' title='bbox 1011 2112 1181 2159; x_wconf 82' lang='lat' dir='ltr'>vendo.</span> <span class='ocrx_word' id='word_1_216' title='bbox 1265 2113 1486 2176; x_wconf 84' lang='lat' dir='ltr'>Captivos</span> <span class='ocrx_word' id='word_1_217' title='bbox 1520 2119 1554 2163; x_wconf 85' lang='lat' dir='ltr'>si</span> 
     </span>
     <span class='ocr_line' id='line_1_30' title="bbox 98 2171 1559 2244; baseline 0.008 -26"><span class='ocrx_word' id='word_1_218' title='bbox 98 2171 250 2233; x_wconf 89' lang='lat' dir='ltr'>placet</span> <span class='ocrx_word' id='word_1_219' title='bbox 299 2174 449 2233; x_wconf 89' lang='lat' dir='ltr'>reddi,</span> <span class='ocrx_word' id='word_1_220' title='bbox 484 2175 723 2225; x_wconf 82' lang='lat' dir='ltr'>honestius</span> <span class='ocrx_word' id='word_1_221' title='bbox 772 2178 898 2225; x_wconf 86' lang='lat' dir='ltr'>dono</span> <span class='ocrx_word' id='word_1_222' title='bbox 948 2178 1177 2239; x_wconf 88' lang='lat' dir='ltr'>dabimus,</span> <span class='ocrx_word' id='word_1_223' title='bbox 1223 2196 1358 2242; x_wconf 86' lang='lat' dir='ltr'>quam</span> <span class='ocrx_word' id='word_1_224' title='bbox 1409 2185 1559 2244; x_wconf 85' lang='lat' dir='ltr'>pretio</span> 
     </span>
     <span class='ocr_line' id='line_1_31' title="bbox 96 2240 419 2288; baseline 0.003 -3"><span class='ocrx_word' id='word_1_225' title='bbox 96 2240 419 2288; x_wconf 65' lang='lat' dir='ltr'>remittemus!</span> 
     </span>
    </p>

    <p class='ocr_par' dir='ltr' id='par_1_4' title="bbox 84 2307 1553 3052">
     <span class='ocr_line' id='line_1_32' title="bbox 159 2307 1552 2376; baseline 0.007 -23"><span class='ocrx_word' id='word_1_226' title='bbox 159 2307 314 2354; x_wconf 87' lang='lat' dir='ltr'><strong>XLV.</strong></span> <span class='ocrx_word' id='word_1_227' title='bbox 368 2308 650 2360; x_wconf 83' lang='lat' dir='ltr'>Introductis</span> <span class='ocrx_word' id='word_1_228' title='bbox 696 2311 867 2360; x_wconf 91' lang='lat' dir='ltr'>deinde</span> <span class='ocrx_word' id='word_1_229' title='bbox 912 2312 1077 2376; x_wconf 84' lang='lat' dir='ltr'>legatis</span> <span class='ocrx_word' id='word_1_230' title='bbox 1112 2314 1171 2361; x_wconf 87' lang='lat' dir='ltr'>ad</span> <span class='ocrx_word' id='word_1_231' title='bbox 1206 2314 1330 2362; x_wconf 87' lang='lat' dir='ltr'>hunc</span> <span class='ocrx_word' id='word_1_232' title='bbox 1366 2316 1552 2364; x_wconf 86' lang='lat' dir='ltr'>modum</span> 
     </span>
     <span class='ocr_line' id='line_1_33' title="bbox 93 2375 1552 2442; baseline 0.008 -22"><span class='ocrx_word' id='word_1_233' title='bbox 93 2375 364 2437; x_wconf 87' lang='lat' dir='ltr'>respondit:</span> <span class='ocrx_word' id='word_1_234' title='bbox 418 2376 652 2427; x_wconf 88' lang='lat' dir='ltr'>Nunciate</span> <span class='ocrx_word' id='word_1_235' title='bbox 709 2379 869 2438; x_wconf 89' lang='lat' dir='ltr'>Dario,</span> <span class='ocrx_word' id='word_1_236' title='bbox 919 2396 1006 2437; x_wconf 84' lang='lat' dir='ltr'>me,</span> <span class='ocrx_word' id='word_1_237' title='bbox 1054 2396 1172 2442; x_wconf 89' lang='lat' dir='ltr'>quae</span> <span class='ocrx_word' id='word_1_238' title='bbox 1227 2383 1411 2430; x_wconf 80' lang='lat' dir='ltr'>fecerim</span> <span class='ocrx_word' id='word_1_239' title='bbox 1460 2384 1552 2432; x_wconf 80' lang='lat' dir='ltr'>cle-</span> 
     </span>
     <span class='ocr_line' id='line_1_34' title="bbox 95 2444 1553 2510; baseline 0.008 -22"><span class='ocrx_word' id='word_1_240' title='bbox 95 2451 277 2491; x_wconf 88' lang='lat' dir='ltr'>menter</span> <span class='ocrx_word' id='word_1_241' title='bbox 310 2451 358 2492; x_wconf 84' lang='lat' dir='ltr'>ct</span> <span class='ocrx_word' id='word_1_242' title='bbox 391 2444 655 2503; x_wconf 87' lang='lat' dir='ltr'>liberaliter,</span> <span class='ocrx_word' id='word_1_243' title='bbox 681 2462 774 2494; x_wconf 92' lang='lat' dir='ltr'>non</span> <span class='ocrx_word' id='word_1_244' title='bbox 809 2447 1041 2496; x_wconf 78' lang='lat' dir='ltr'>amicitiae</span> <span class='ocrx_word' id='word_1_245' title='bbox 1074 2449 1172 2510; x_wconf 88' lang='lat' dir='ltr'>cjus</span> <span class='ocrx_word' id='word_1_246' title='bbox 1206 2450 1437 2508; x_wconf 83' lang='lat' dir='ltr'>tribuisse,</span> <span class='ocrx_word' id='word_1_247' title='bbox 1472 2452 1553 2500; x_wconf 84' lang='lat' dir='ltr'>sed</span> 
     </span>
     <span class='ocr_line' id='line_1_35' title="bbox 92 2512 1552 2583; baseline 0.008 -27"><span class='ocrx_word' id='word_1_248' title='bbox 92 2518 286 2558; x_wconf 88' lang='lat' dir='ltr'>naturae</span> <span class='ocrx_word' id='word_1_249' title='bbox 331 2527 495 2560; x_wconf 84' lang='lat' dir='ltr'>meae:</span> <span class='ocrx_word' id='word_1_250' title='bbox 548 2512 729 2561; x_wconf 89' lang='lat' dir='ltr'>Bellum</span> <span class='ocrx_word' id='word_1_251' title='bbox 774 2530 877 2562; x_wconf 89' lang='lat' dir='ltr'>cum</span> <span class='ocrx_word' id='word_1_252' title='bbox 925 2516 1118 2577; x_wconf 83' lang='lat' dir='ltr'>captivis</span> <span class='ocrx_word' id='word_1_253' title='bbox 1163 2523 1212 2564; x_wconf 90' lang='lat' dir='ltr'>et</span> <span class='ocrx_word' id='word_1_254' title='bbox 1256 2517 1440 2566; x_wconf 85' lang='lat' dir='ltr'>seminis</span> <span class='ocrx_word' id='word_1_255' title='bbox 1471 2534 1552 2583; x_wconf 84' lang='lat' dir='ltr'>ge·</span> 
     </span>
     <span class='ocr_line' id='line_1_36' title="bbox 88 2579 1546 2645; baseline 0.008 -21"><span class='ocrx_word' id='word_1_256' title='bbox 88 2591 192 2625; x_wconf 85' lang='lat' dir='ltr'>rere</span> <span class='ocrx_word' id='word_1_257' title='bbox 234 2594 328 2626; x_wconf 93' lang='lat' dir='ltr'>non</span> <span class='ocrx_word' id='word_1_258' title='bbox 374 2579 535 2628; x_wconf 87' lang='lat' dir='ltr'>soleo:</span> <span class='ocrx_word' id='word_1_259' title='bbox 573 2588 775 2630; x_wconf 87' lang='lat' dir='ltr'>armatus</span> <span class='ocrx_word' id='word_1_260' title='bbox 820 2582 881 2631; x_wconf 91' lang='lat' dir='ltr'>sit</span> <span class='ocrx_word' id='word_1_261' title='bbox 925 2590 1124 2644; x_wconf 84' lang='lat' dir='ltr'>oportet,</span> <span class='ocrx_word' id='word_1_262' title='bbox 1171 2599 1309 2645; x_wconf 88' lang='lat' dir='ltr'>quem</span> <span class='ocrx_word' id='word_1_263' title='bbox 1354 2585 1546 2635; x_wconf 90' lang='lat' dir='ltr'>oderim.</span> 
     </span>
     <span class='ocr_line' id='line_1_37' title="bbox 91 2642 1549 2713; baseline 0.008 -22"><span class='ocrx_word' id='word_1_264' title='bbox 91 2642 233 2702; x_wconf 81' lang='lat' dir='ltr'>Quod</span> <span class='ocrx_word' id='word_1_265' title='bbox 277 2646 316 2693; x_wconf 85' lang='lat' dir='ltr'>si</span> <span class='ocrx_word' id='word_1_266' title='bbox 361 2647 521 2695; x_wconf 81' lang='lat' dir='ltr'>saltem</span> <span class='ocrx_word' id='word_1_267' title='bbox 569 2664 727 2711; x_wconf 87' lang='lat' dir='ltr'>pacem</span> <span class='ocrx_word' id='word_1_268' title='bbox 772 2649 895 2697; x_wconf 87' lang='lat' dir='ltr'>bona</span> <span class='ocrx_word' id='word_1_269' title='bbox 939 2650 1032 2697; x_wconf 81' lang='lat' dir='ltr'>fide</span> <span class='ocrx_word' id='word_1_270' title='bbox 1076 2657 1272 2713; x_wconf 85' lang='lat' dir='ltr'>peteret,</span> <span class='ocrx_word' id='word_1_271' title='bbox 1319 2651 1549 2703; x_wconf 85' lang='lat' dir='ltr'>delibera—</span> 
     </span>
     <span class='ocr_line' id='line_1_38' title="bbox 90 2712 1548 2784; baseline 0.007 -24"><span class='ocrx_word' id='word_1_272' title='bbox 90 2725 187 2759; x_wconf 80' lang='lat' dir='ltr'>rem</span> <span class='ocrx_word' id='word_1_273' title='bbox 242 2712 437 2763; x_wconf 84' lang='lat' dir='ltr'>forsitan</span> <span class='ocrx_word' id='word_1_274' title='bbox 504 2730 564 2762; x_wconf 86' lang='lat' dir='ltr'>an</span> <span class='ocrx_word' id='word_1_275' title='bbox 610 2716 767 2763; x_wconf 86' lang='lat' dir='ltr'>darem</span> <span class='ocrx_word' id='word_1_276' title='bbox 796 2733 806 2764; x_wconf 74' lang='grc' dir='ltr'>ι</span> <span class='ocrx_word' id='word_1_277' title='bbox 865 2732 1024 2764; x_wconf 82' lang='lat' dir='ltr'>verum</span> <span class='ocrx_word' id='word_1_278' title='bbox 1087 2718 1339 2777; x_wconf 82' lang='lat' dir='ltr'>enimvero,</span> <span class='ocrx_word' id='word_1_279' title='bbox 1404 2738 1548 2784; x_wconf 89' lang='lat' dir='ltr'>quum</span> 
     </span>
     <span class='ocr_line' id='line_1_39' title="bbox 94 2778 1548 2847; baseline 0.008 -24"><span class='ocrx_word' id='word_1_280' title='bbox 94 2778 233 2827; x_wconf 83' lang='lat' dir='ltr'>modo</span> <span class='ocrx_word' id='word_1_281' title='bbox 254 2781 424 2831; x_wconf 55' lang='lat' dir='ltr'>milites</span> <span class='ocrx_word' id='word_1_282' title='bbox 448 2799 574 2830; x_wconf 87' lang='lat' dir='ltr'>meos</span> <span class='ocrx_word' id='word_1_283' title='bbox 607 2783 753 2832; x_wconf 88' lang='lat' dir='ltr'>literis</span> <span class='ocrx_word' id='word_1_284' title='bbox 776 2782 835 2830; x_wconf 85' lang='lat' dir='ltr'>ad</span> <span class='ocrx_word' id='word_1_285' title='bbox 860 2785 1189 2847; x_wconf 85' lang='lat' dir='ltr'>proditionem,</span> <span class='ocrx_word' id='word_1_286' title='bbox 1214 2788 1355 2835; x_wconf 88' lang='lat' dir='ltr'>modo</span> <span class='ocrx_word' id='word_1_287' title='bbox 1377 2790 1548 2836; x_wconf 86' lang='lat' dir='ltr'>amicos</span> 
     </span>
     <span class='ocr_line' id='line_1_40' title="bbox 95 2842 1547 2914; baseline 0.009 -24"><span class='ocrx_word' id='word_1_288' title='bbox 95 2842 155 2890; x_wconf 76' lang='lat' dir='ltr'>ad</span> <span class='ocrx_word' id='word_1_289' title='bbox 176 2847 423 2906; x_wconf 79' lang='lat' dir='ltr'>perniciem</span> <span class='ocrx_word' id='word_1_290' title='bbox 455 2867 603 2898; x_wconf 86' lang='lat' dir='ltr'>meam</span> <span class='ocrx_word' id='word_1_291' title='bbox 627 2851 824 2914; x_wconf 84' lang='lat' dir='ltr'>pecunia</span> <span class='ocrx_word' id='word_1_292' title='bbox 847 2851 1063 2909; x_wconf 87' lang='lat' dir='ltr'>solicitet,</span> <span class='ocrx_word' id='word_1_293' title='bbox 1088 2853 1149 2900; x_wconf 84' lang='lat' dir='ltr'>ad</span> <span class='ocrx_word' id='word_1_294' title='bbox 1182 2854 1547 2903; x_wconf 86' lang='lat' dir='ltr'>internecionem</span> 
     </span>
     <span class='ocr_line' id='line_1_41' title="bbox 89 2909 1550 2985; baseline 0.01 -30"><span class='ocrx_word' id='word_1_295' title='bbox 89 2909 202 2958; x_wconf 85' lang='lat' dir='ltr'>mihi</span> <span class='ocrx_word' id='word_1_296' title='bbox 224 2919 570 2979; x_wconf 78' lang='lat' dir='ltr'>persequendus</span> <span class='ocrx_word' id='word_1_297' title='bbox 593 2927 678 2975; x_wconf 88' lang='lat' dir='ltr'>cst,</span> <span class='ocrx_word' id='word_1_298' title='bbox 703 2934 799 2966; x_wconf 91' lang='lat' dir='ltr'>non</span> <span class='ocrx_word' id='word_1_299' title='bbox 834 2926 888 2966; x_wconf 90' lang='lat' dir='ltr'>ut</span> <span class='ocrx_word' id='word_1_300' title='bbox 903 2918 1062 2981; x_wconf 87' lang='lat' dir='ltr'>justus</span> <span class='ocrx_word' id='word_1_301' title='bbox 1082 2919 1245 2979; x_wconf 84' lang='lat' dir='ltr'>hostis,</span> <span class='ocrx_word' id='word_1_302' title='bbox 1271 2921 1354 2969; x_wconf 87' lang='lat' dir='ltr'>sed</span> <span class='ocrx_word' id='word_1_303' title='bbox 1373 2933 1426 2970; x_wconf 82' lang='lat' dir='ltr'>ut</span> <span class='ocrx_word' id='word_1_304' title='bbox 1442 2938 1550 2985; x_wconf 89' lang='lat' dir='ltr'>per·</span> 
     </span>
     <span class='ocr_line' id='line_1_42' title="bbox 84 2986 1550 3052; baseline 0.011 -30"><span class='ocrx_word' id='word_1_305' title='bbox 84 2993 244 3026; x_wconf 81' lang='lat' dir='ltr'>cussor</span> <span class='ocrx_word' id='word_1_306' title='bbox 265 2988 314 3031; x_wconf 83' lang='lat' dir='ltr'>et</span> <span class='ocrx_word' id='word_1_307' title='bbox 329 2986 578 3035; x_wconf 80' lang='lat' dir='ltr'>veneficus.</span> <span class='ocrx_word' id='word_1_308' title='bbox 649 2986 955 3035; x_wconf 79' lang='lat' dir='ltr'>conditiones</span> <span class='ocrx_word' id='word_1_309' title='bbox 974 3002 1084 3037; x_wconf 85' lang='lat' dir='ltr'>vero</span> <span class='ocrx_word' id='word_1_310' title='bbox 1102 2989 1242 3052; x_wconf 83' lang='lat' dir='ltr'>pacis,</span> <span class='ocrx_word' id='word_1_311' title='bbox 1262 3005 1376 3050; x_wconf 81' lang='lat' dir='ltr'>quas</span> <span class='ocrx_word' id='word_1_312' title='bbox 1399 2989 1550 3048; x_wconf 87' lang='lat' dir='ltr'>sertis,</span> 
     </span>
    </p>
   </div>
  </div>
 </body>
</html>
