1721 3200
580 164 785 215 LIBER
822 163 1124 214 TERTIUS.
1525 167 1586 215 13

136 318 292 366 regem
336 302 490 361 modo,
535 302 618 351 sed
651 302 791 351 etiam
825 309 879 350 ut
912 301 1165 358 alumnum,
1199 300 1367 348 eximia
1399 301 1594 349 caritate

137 371 379 434 diligebat.
448 370 495 419 Is
516 386 612 418 non
634 384 851 433 praeceps
874 385 937 427 se,
962 369 1044 417 sed
1079 377 1317 417 strenuum
1339 369 1592 416 remedium

136 438 316 496 afferre,
338 447 614 501 tantamque
644 437 737 484 vim
760 437 908 485 morbi
946 437 1135 500 potione
1155 437 1385 484 medicata
1417 436 1596 485 levatu-

137 521 239 553 rum
262 521 362 554 eme
382 506 610 570 promisit.
655 504 788 551 Nulli
806 505 1078 568 promissum
1097 503 1195 566 ejus
1210 505 1438 567 placebat,
1462 519 1594 567 prae-

136 581 209 621 ter
252 573 402 637 ipsum
436 573 568 636 cujus
599 572 804 637 periculo
837 572 1157 635 pollicebatur.
1226 571 1395 619 Omnia
1427 572 1597 635 quippe

134 640 312 689 facilius
328 656 466 704 quam
489 655 663 688 moram
696 641 876 703 perpeti
907 646 1090 703 poterat
1117 656 1127 686 :
1164 655 1291 686 arma
1314 647 1362 687 et
1394 640 1515 686 acies
1548 640 1596 686 in

138 708 283 756 oeulis
306 717 441 757 erant
464 725 476 764 ;
512 715 561 773 et
578 708 818 756 victoriam
841 708 889 754 in
908 723 964 754 eo
986 707 1185 770 positam
1208 722 1306 754 esse
1341 707 1596 754 arbitraba»

136 783 227 833 tur,
284 775 323 823 ai
356 783 540 824 tantum
574 783 685 823 ante
724 775 858 837 signa
890 782 1014 822 stare
1046 774 1309 838 potuisset:
1346 774 1395 821 id
1429 775 1595 837 ipsum,

136 842 262 906 quod
283 851 390 906 post
411 843 535 891 diem
558 843 748 891 tertium
771 842 1158 890 medicamentum
1173 852 1444 905 sumpturus
1461 852 1596 896 esset,

136 910 226 974 (ita
256 911 380 958 enim
419 911 625 958 medicus
670 909 984 974 praedixerat)
1032 924 1171 972 aegre
1214 910 1380 957 ferens.
1466 909 1596 958 inter

135 977 249 1026 haec
270 994 299 1026 a
332 978 653 1035 Parmenione,
687 978 910 1024 fidissimo
931 984 1307 1040 purpuratorum,
1344 977 1502 1025 literas
1525 993 1599 1024 ac-

134 1045 261 1108 cipit,
296 1046 465 1108 quibus
498 1047 540 1093 ei
564 1045 876 1092 denunciabat
911 1061 971 1091 ne
995 1045 1189 1092 salutem
1216 1061 1345 1091 suam
1384 1044 1600 1107 Philippo

133 1113 477 1161 committeret:
514 1113 639 1160 mille
671 1112 859 1160 talentis
893 1128 920 1159 a
954 1112 1101 1159 Dario
1136 1119 1184 1160 et
1219 1128 1299 1175 spe
1332 1112 1597 1175 nuptiarum

132 1179 302 1227 sororis
324 1179 424 1242 ejus
446 1195 546 1228 aese
568 1188 856 1243 corruptum.
928 1179 1174 1242 Ingentem
1208 1180 1362 1227 animo
1397 1179 1599 1228 solicitu-

132 1247 288 1295 dinem
311 1248 474 1296 literae
497 1249 800 1303 incusserant,
825 1253 877 1294 ct
901 1247 1123 1310 quicquid
1146 1248 1193 1293 in
1214 1256 1460 1310 utramque
1493 1262 1597 1310 par-

131 1321 226 1363 tem
259 1322 344 1364 aut
365 1323 516 1364 metus
539 1323 622 1364 aut
645 1331 748 1378 spes
771 1315 1046 1377 subjecerat,
1072 1316 1252 1362 secreta
1274 1315 1598 1362 aestimatione

130 1383 370 1445 pensabat.
444 1388 455 1410 ‘
477 1383 646 1430 Bibere
668 1398 956 1446 perseverem
975 1382 1001 1429 ?
1035 1391 1102 1438 ut,
1114 1383 1162 1430 ,si
1181 1398 1409 1429 venenum
1435 1382 1597 1430 datum

129 1450 288 1508 fuerit,
309 1467 371 1499 ne
404 1451 634 1499 immerito
669 1451 857 1513 quidem
893 1450 1122 1513 quidquid
1146 1450 1367 1497 acciderit
1390 1449 1598 1497 evenisse

130 1517 361 1567 videatur.
409 1518 641 1566 Damnem
664 1518 832 1565 medici
855 1518 992 1564 fidem
1012 1519 1037 1564 t>
1085 1517 1140 1564 In
1164 1517 1466 1565 tabernaculo
1488 1532 1600 1579 ergo

131 1600 207 1633 me
228 1586 426 1649 opprimi
447 1587 599 1649 patiar
621 1586 646 1633 ⁸?
714 1587 781 1632 At
814 1586 957 1633 satius
976 1592 1047 1632 est
1069 1585 1220 1632 alieno
1244 1600 1319 1631 me
1352 1585 1470 1632 mori
1502 1600 1598 1632 sce-

131 1651 241 1710 lere,
265 1668 404 1715 quam
421 1660 550 1701 metu
572 1651 706 1700 me0.'
775 1652 872 1699 Diu
908 1653 1063 1699 animo
1103 1653 1152 1699 in
1186 1653 1368 1700 diversa
1401 1660 1597 1709 versato,

132 1719 250 1766 nulli
271 1720 385 1782 quid
407 1721 629 1783 scriptum
654 1727 776 1768 esset
799 1720 1017 1767 enunciat
1042 1737 1053 1775 ;
1074 1720 1422 1783 epistolamque,
1447 1719 1600 1782 sigillo

132 1787 293 1834 annuli
314 1788 386 1835 sui
407 1788 689 1851 impressam,
715 1787 906 1850 pulvino
930 1787 1004 1834 cui
1026 1787 1324 1836 incumbebat
1353 1787 1565 1849 subjecit.

197 1854 333 1902 xlv.
368 1854 497 1902 Inter
528 1855 611 1902 has
644 1855 952 1917 cogitationes
986 1855 1129 1902 biduo
1159 1856 1419 1918 absumpto,
1444 1855 1596 1901 illuxit

133 1936 162 1968 a
181 1921 363 1970 medico
385 1922 646 1971 destinatus
669 1922 783 1980 dies,
808 1932 856 1970 et
878 1922 957 1970 ille
979 1938 1085 1969 cum
1110 1923 1278 1985 poculo
1300 1923 1350 1969 in
1385 1937 1479 1985 quo
1500 1938 1596 1969 me-

133 1987 445 2039 dicamentum
490 1991 704 2047 diluerat,
731 1990 938 2038 intravit.
1032 1991 1143 2047 Quo
1176 1991 1275 2037 viso
1309 1989 1593 2045 Alexander,

132 2055 284 2104 levato
306 2071 498 2120 corpore
518 2059 567 2105 in
590 2059 816 2115 cubitum,
842 2058 1084 2120 epistolam
1108 2073 1136 2106 a
1161 2057 1469 2105 Parmenione
1490 2057 1597 2104 mis-

131 2137 228 2170 sam
248 2123 436 2173 sinistra
465 2140 606 2173 manu
628 2132 809 2181 tenens,
833 2126 1001 2188 accipit
1035 2125 1253 2189 poculum
1277 2133 1325 2173 et
1348 2125 1504 2173 haurit
1527 2126 1597 2171 in-

131 2190 322 2239 territus
346 2208 356 2238 :
393 2201 493 2239 tum
516 2193 756 2255 epistolam
783 2192 1044 2256 Philippum
1068 2193 1224 2255 legere
1238 2193 1377 2255 jubet
1401 2210 1413 2248 ;
1451 2207 1536 2239 nec
1570 2208 1598 2238 a

131 2257 264 2307 vultu
299 2258 496 2320 legentis
528 2261 674 2309 movit
705 2260 878 2318 oculos,
914 2270 1043 2308 ratus
1077 2261 1254 2323 aliquas
1289 2259 1599 2308 conscientiae

131 2332 267 2374 notas
299 2326 348 2373 in
393 2326 494 2388 ipso
526 2342 607 2374 ore
638 2343 771 2390 posse
804 2328 1168 2390 deprehendere.
1262 2328 1359 2384 Ille,
1396 2326 1592 2389 epistola

129 2393 345 2456 perlecta,
371 2394 476 2457 plus
497 2394 832 2457 indignationis
849 2411 988 2458 quam
1012 2397 1195 2458 pavoris
1210 2394 1416 2444 ostendit
1440 2411 1452 2441 :
1486 2409 1592 2457 pro·

122 2461 353 2524 jactisque
376 2462 574 2509 amiculo
607 2468 656 2510 et
688 2462 834 2510 literis
867 2471 977 2511 ante
1012 2463 1200 2520 lectum,
1226 2468 1237 2488 ‘
1265 2461 1400 2519 Rex,’
1422 2461 1589 2524 inquit,

133 2534 145 2554 ‘
161 2543 340 2592 semper
361 2529 549 2593 quidem
573 2529 760 2592 spiritus
782 2544 912 2577 meus
935 2547 993 2577 ex
1017 2540 1065 2578 te
1088 2530 1325 2593 pependit,
1350 2529 1433 2578 aed
1465 2544 1590 2576 nunc

129 2610 252 2654 vere,
276 2597 492 2655 arbitror,
516 2612 645 2644 sacro
668 2603 717 2644 et
739 2598 989 2645 venerabili
1013 2612 1093 2644 ore
1115 2597 1330 2646 trahitur.
1401 2596 1587 2644 Crimen

129 2663 361 2726 parricidii
377 2664 504 2727 quod
525 2664 637 2711 mihi
672 2663 905 2725 objectum
928 2673 1000 2713 est
1024 2674 1105 2712 tua
1126 2664 1250 2712 salus
1272 2664 1422 2713 diluet
1446 2681 1456 2711 ε
1494 2679 1591 2712 ser-

131 2735 266 2780 vum
281 2746 312 2779 a
331 2747 406 2779 me
428 2732 571 2780 vitam
594 2731 706 2779 mihi
729 2730 928 2778 dederis.
995 2731 1094 2779 Oro
1117 2746 1394 2795 quaesoque,
1420 2732 1588 2780 omisso

133 2802 274 2857 mu,
296 2805 457 2862 patere
475 2800 863 2847 medicamentum
885 2799 1067 2861 concipi
1087 2800 1216 2848 venis
1241 2817 1251 2847 :
1288 2801 1394 2847 laxa
1415 2798 1585 2862 paulis·

132 2866 451 2925 poeanimum,
473 2882 608 2929 quem
632 2866 957 2929 intempestiva
988 2866 1283 2916 solicitudine
1303 2867 1453 2923 amici,
1477 2879 1588 2913 sane

133 2928 306 2989 fidelea,
320 2933 404 2981 aed
416 2935 609 2983 moleste
631 2934 793 2990 seduli,
819 2933 1026 2982 turbant.
1092 2934 1203 2982 Non
1218 2950 1430 2982 securum
1444 2932 1585 2980 modo

132 2997 245 3045 haec
265 3011 355 3046 vox
376 3001 459 3049 aed
478 3003 618 3050 etiam
640 3002 814 3051 laetum
847 3015 1003 3063 regem
1028 3016 1081 3050 ac
1103 3002 1292 3064 plenum
1316 3003 1465 3049 bonae
1487 3000 1582 3064 spei

836 3082 873 3129 B
