1721 3200
168 153 230 201 :30
603 153 809 201 LIBER
846 154 1184 213 QUARTUS.

232 288 269 334 Ι.
309 287 502 335 Damus
520 289 640 336 tanti
665 289 803 336 modo
828 289 1056 336 exercitus
1079 304 1175 345 rex,
1201 287 1279 348 qui
1300 285 1630 348 triumphantis

171 355 317 416 magis
364 370 498 416 quam
546 356 809 404 dimicantis
853 372 981 402 more
1037 371 1171 402 curru
1212 353 1418 401 sublimis
1462 353 1631 404 inierat

169 422 403 481 praelium,
428 438 510 484 per
531 422 647 480 loca,
674 438 788 484 quae
806 439 949 485 prope
971 422 1205 469 immensis
1221 421 1481 482 agminibus
1503 436 1630 468 com-

166 490 386 548 pleverat,
406 489 505 550 jam
529 489 685 536 inania
709 496 754 538 et
778 490 959 551 ingenti
983 489 1234 536 solitudine
1256 494 1388 535 vasta
1403 487 1630 549 fugiebat.

174 555 315 602 Pauci
349 572 500 616 regem
533 558 845 618 sequebantur
871 574 881 604 ε
918 572 1025 602 nam
1048 572 1134 603 nec
1169 557 1334 603 eodem
1366 570 1529 603 omnes
1560 555 1632 602 fu-

167 637 275 681 gam
300 622 613 681 intenderant,
634 631 683 671 et
715 624 1036 670 deficientibus
1061 624 1202 684 equis,
1239 638 1423 669 cursum
1456 638 1631 682 eorum,

170 705 279 747 quos
303 706 386 736 rex
409 691 605 738 subinde
629 692 853 746 mutabat,
891 706 1087 750 aequare
1109 706 1205 737 non
1227 696 1459 752 poterant.
1531 689 1633 738 Un-

168 758 274 803 chas
323 757 494 804 deinde
538 758 764 819 pervenit,
812 758 893 804 ubi
938 773 1160 819 excepere
1199 773 1303 804 eum
1341 757 1636 804 Graecorum

170 831 366 885 quatuor
411 825 570 880 millia,
604 840 707 871 cum
744 825 910 885 quibus
945 825 1005 870 ad
1041 824 1313 886 Euphraten
1359 825 1632 881 contendit;

173 892 218 936 id
243 892 429 937 demum
455 891 648 938 credens
669 891 767 938 fore
790 892 947 953 ipsius,
968 892 1095 953 quod
1113 892 1350 939 celeritate
1371 892 1637 954 praecipere

173 959 416 1018 potuisset.
515 959 583 1005 At
640 959 911 1005 Alexander
947 958 1317 1016 Parmenionem,
1375 974 1459 1020 per
1500 973 1638 1020 quem

167 1025 290 1085 apud
325 1026 612 1072 Damascum
634 1032 822 1087 recepta
856 1031 957 1072 erat
989 1027 1176 1087 praeda,
1217 1026 1399 1087 jussum
1431 1041 1533 1072 eam
1565 1026 1636 1089 ip-

172 1108 264 1138 sam
315 1099 362 1139 et
409 1093 614 1154 captivos
657 1093 874 1154 diligenti
907 1109 1142 1139 asservare
1175 1093 1402 1150 custodia,
1453 1093 1632 1156 Syriae,

170 1175 306 1221 quam
331 1158 506 1206 Coelen
531 1166 713 1216 vocant,
739 1160 973 1222 praefecit.
1045 1159 1230 1206 Novum
1255 1160 1502 1222 imperium
1527 1160 1635 1224 Syri

169 1226 375 1273 nondum
394 1227 505 1273 belli
540 1227 748 1274 cladibus
782 1227 892 1274 satis
925 1226 1092 1274 domiti
1115 1228 1514 1289 aspernabantur:
1551 1229 1635 1275 sed

169 1294 380 1341 celeriter
398 1295 590 1349 subacti,
616 1295 888 1341 obedienter
911 1295 1137 1355 imperata
1153 1295 1380 1341 fecerunt.
1451 1295 1636 1343 Aradus

171 1375 352 1422 quoque
373 1361 525 1407 insula
557 1361 744 1407 deditur
777 1361 884 1421 regi.
955 1361 1236 1408 Maritimam
1273 1368 1374 1409 tum
1407 1378 1550 1419 oram,
1587 1371 1636 1410 et

168 1428 387 1488 pleraque
421 1428 605 1489 longius
640 1428 779 1475 etiam
799 1444 826 1474 a
849 1427 965 1474 mari
998 1429 1277 1485 recedentia,
1314 1444 1397 1475 rex
1432 1429 1531 1490 ejus
1564 1429 1636 1475 in-

167 1495 290 1542 sulae
329 1495 484 1542 Strato
520 1495 822 1556 possidebat:
861 1510 951 1555 quo
984 1495 1033 1540 in
1068 1496 1208 1542 fidem
1243 1503 1447 1558 accepto,
1485 1504 1636 1546 castra

165 1563 310 1609 movit
332 1563 393 1609 ad
416 1562 576 1608 urbem
602 1562 866 1609 Marathon.
937 1561 1009 1607 Ibi
1031 1563 1099 1608 illi
1122 1563 1283 1611 literae
1307 1579 1335 1610 a
1358 1563 1505 1610 Dario
1529 1565 1634 1611 red-

169 1629 346 1676 duntur
371 1646 382 1685 ;
420 1629 600 1690 quibus,
626 1637 681 1676 ut
717 1630 912 1691 superbe
936 1629 1135 1691 scriptis,
1160 1630 1458 1677 vehementer
1492 1632 1636 1678 offen-

170 1711 242 1743 sus
266 1705 354 1743 est.
433 1695 684 1758 Praecipue
708 1713 811 1743 eum
849 1697 1008 1752 movit,
1037 1697 1162 1758 quod
1187 1697 1360 1744 Darius
1394 1697 1481 1744 sibi
1514 1699 1637 1760 regis

168 1763 373 1820 titulum,
410 1779 495 1809 nec
542 1764 742 1810 eundem
787 1763 1046 1810 Alexandri
1092 1764 1269 1810 nomini
1313 1760 1634 1826 adscripserat.

170 1829 444 1877 Postulabat
480 1837 635 1877 autem
669 1831 818 1891 magis
850 1846 987 1892 quam
1013 1832 1215 1892 petebat,
1250 1837 1304 1879 ut
1337 1839 1526 1893 accepta
1558 1848 1638 1894 pe-

169 1898 317 1954 cunia,
339 1904 746 1959 quantamcunque
779 1905 881 1945 tota
904 1897 1181 1943 Macedonia
1203 1905 1404 1960 caperet,
1439 1905 1636 1946 matrem
1697 1947 1703 1951 ,

169 1964 255 2010 sibi
289 1981 342 2011 ac
366 1964 613 2026 conjugem
647 1964 906 2024 liberosque
929 1964 1230 2020 restitueret3
1267 1965 1326 2012 de
1360 1981 1521 2027 regno,
1558 1983 1634 2013 ae-

169 2046 272 2091 quo,
299 2031 337 2077 si
372 2032 526 2086 vellet,
565 2031 718 2079 Marte
754 2031 1075 2079 contenderet.
1146 2031 1195 2078 Si
1229 2034 1411 2080 saniora
1445 2033 1636 2081 consilia

169 2098 358 2145 tandem
392 2099 490 2159 pati
512 2099 754 2159 potuisset,
791 2104 1040 2145 contentus
1075 2099 1240 2160 patrio,
1277 2100 1463 2148 cederet
1495 2100 1634 2148 alieni

168 2165 349 2227 imperii
372 2165 540 2211 finibus
567 2183 576 2212 ε
615 2166 764 2212 socius
789 2165 1053 2227 amicusque
1076 2173 1195 2214 esset
1222 2181 1232 2210 τ
1268 2169 1318 2213 in
1341 2183 1396 2215 ea
1430 2183 1478 2214 se
1494 2167 1634 2215 fidem

171 2244 216 2279 et
239 2232 350 2278 dare
374 2240 587 2294 paratum
611 2239 658 2279 et
682 2233 901 2293 accipere.

238 2299 305 2345 II.
341 2299 518 2347 Contra
564 2299 831 2346 Alexander
866 2299 915 2345 in
948 2299 1071 2346 hunc
1105 2301 1304 2348 maxime
1338 2301 1528 2347 modum
1562 2317 1633 2348 re-

175 2366 381 2427 scripsit:
420 2370 432 2392 ‘
458 2366 565 2412 Rex
600 2366 866 2412 Alexander
907 2366 1072 2413 Dario.
1157 2368 1254 2425 Ille,
1290 2368 1435 2429 cujus,
1465 2383 1634 2414 nomen

172 2433 419 2494 sumpsisti,
447 2433 634 2490 Darius,
657 2433 874 2490 Graecos,
894 2434 973 2494 qui
991 2450 1119 2480 oram
1138 2434 1439 2496 Hellesponti·
1454 2441 1631 2492 tenent,

173 2499 466 2561 coloniasque
493 2500 777 2547 Graecorum
803 2500 957 2546 Ionias
981 2501 1106 2547 omni
1128 2502 1260 2547 clade
1276 2501 1502 2556 vastavit3
1529 2517 1632 2548 cum

120 2587 123 2592 r
172 2581 341 2626 magno
387 2567 556 2613 deinde
591 2567 796 2614 exercitu
843 2582 970 2614 mare
1010 2568 1208 2629 trajecit,
1248 2568 1379 2615 illato
1413 2567 1630 2616 Maced&

171 2633 275 2679 niae
299 2638 346 2678 et
372 2632 593 2680 Graeciae
616 2635 753 2680 bello.
803 2634 984 2681 Rursus
1012 2632 1141 2697 [rex]
1169 2635 1346 2682 Xerxes
1369 2634 1430 2680 ad
1452 2650 1631 2697 oppug-

168 2699 349 2745 nandos
394 2714 480 2744 nos
515 2716 618 2745 cum
652 2702 923 2747 immanium
957 2702 1259 2747 barbarorum
1292 2701 1434 2762 copiis
1467 2703 1630 2751 venit:

169 2766 250 2828 qui
284 2765 438 2811 navali
485 2767 657 2826 praelio
693 2768 856 2826 victus,
905 2767 1204 2814 Mardonium
1245 2776 1420 2828 tamen¹
1446 2769 1631 2830 reliquit

169 2835 217 2880 in
245 2832 454 2888 Graecia,
480 2840 533 2878 ut
568 2834 730 2881 absens
771 2851 954 2896 quoque
987 2833 1286 2896 popularetur
1319 2835 1465 2892 urbeS,
1503 2852 1632 2897 agros

173 2907 339 2947 ureret.
431 2898 699 2960 Philippum
745 2918 854 2948 vero
889 2907 1127 2963 parentem
1160 2915 1313 2947 meum
1358 2902 1461 2962 quis
1495 2903 1629 2965 igno-

168 2977 242 3014 rat
267 2967 326 3014 ab
348 2966 404 3013 iis
439 2965 735 3014 interfectum
770 2983 882 3025 esse,
919 2983 1034 3030 quos
1067 2967 1272 3029 ingentis
1306 2969 1528 3031 pecuniae
1549 2985 1629 3033 spe
