1721 3200
482 168 724 228 QUINTI
762 168 1001 218 CURTII
1037 171 1219 220 RUFI.
1509 176 1570 224 41

99 306 313 363 bebatur,
360 320 506 368 quum
548 305 899 368 opportunitate
949 306 1065 352 mira
1110 306 1310 354 triremis
1356 323 1383 354 e
1426 310 1570 357 classe

105 373 362 423 Alexandri
396 374 446 420 in
470 387 570 420 eam
594 372 757 435 ipsam,
784 388 904 435 quae
925 373 1246 435 quinqueremi
1281 373 1568 431 imminebat,

102 449 237 491 tanta
256 441 302 489 vi
325 439 525 504 impulsa
546 447 632 498 est,
658 445 712 487 ut
737 439 909 503 Tyrius
929 440 1221 502 gubernator
1255 442 1303 488 in
1327 458 1454 490 mare
1485 459 1565 491 ex·

100 515 339 558 eutemtur
372 524 399 556 e
431 507 590 571 puppi.
661 505 824 554 Plures
860 507 1031 555 deinde
1078 507 1388 557 Macedonum
1425 526 1566 559 naves

101 576 450 641 superveniunt,
474 582 523 624 et
545 590 627 622 rex
651 589 835 636 quoque
869 575 1032 622 aderat
1056 590 1068 629 ς
1105 591 1247 636 quum
1272 574 1418 640 Tyrii,
1445 579 1566 626 inhi-

102 645 264 693 bentes
284 642 437 698 remis,
472 657 612 704 aegre
634 641 831 719 evellere
856 658 1020 689 navem
1057 659 1176 704 quae
1199 643 1434 701 haerebat,
1460 661 1569 708 por·

99 720 292 773 tumque
326 710 482 757 omnia
505 708 641 756 simul
665 709 852 771 navigia
889 717 1120 772 repetunt.
1196 710 1456 761 Confestim
1481 729 1565 761 rex

99 779 389 840 insequutus,
436 784 623 840 portum
657 777 842 837 quidem
878 777 1054 825 intrare
1099 793 1195 825 non
1230 780 1398 841 potuit,
1422 795 1565 841 quum

211 845 259 892 ul
294 860 320 892 e
353 844 496 892 muris
531 844 780 891 missilibus
826 845 1196 903 submoveretur,
1234 862 1374 894 naves
1409 856 1568 897 autem

97 929 260 961 omnes
282 912 378 960 fere
400 919 482 960 aut
500 911 718 959 demersit
741 922 823 959 aut
847 911 989 973 cepit.

164 977 352 1028 xv111.
391 979 546 1027 Biduo
569 978 738 1026 deinde
763 979 821 1025 ad
846 979 1049 1041 quietem
1074 979 1185 1027 dato
1209 980 1486 1039 militibus,
1467 999 1570 1044 Jus—

96 1047 252 1110 sisque
274 1054 323 1095 et
345 1047 536 1095 classem
560 1053 608 1094 et
631 1046 866 1093 machinas
892 1048 1063 1108 pariter
1097 1047 1358 1106 admovere,
1406 1056 1459 1098 ut
1482 1067 1570 1098 un-

94 1115 238 1177 dique
257 1114 431 1162 territis
456 1114 682 1169 instaret,
671 1130 681 1139 ·
709 1114 807 1175 ipse
830 1115 878 1159 in
904 1114 1171 1162 altissimam
1208 1123 1384 1163 turrem
1408 1133 1569 1166 ascen-

97 1181 184 1239 dit,
251 1181 435 1244 ingenti
482 1181 652 1237 animo,
687 1181 893 1243 periculo
934 1181 1136 1243 majore;
1195 1184 1380 1245 quippe,
1439 1186 1571 1247 regio

96 1248 270 1312 insigni
293 1260 342 1297 et
364 1247 504 1296 armis
537 1247 826 1309 fulgentibus
861 1249 1155 1312 conspicuus,
1181 1266 1302 1297 unus
1319 1253 1568 1315 praecipue

96 1316 203 1366 telis
236 1316 502 1379 petebatur.
573 1315 637 1364 Et
683 1316 827 1377 digna
863 1332 1047 1378 prorsus
1082 1318 1347 1379 spectaculo
1382 1320 1567 1377 edidit;

96 1383 270 1433 multos
292 1400 318 1431 e
341 1383 485 1431 muris
520 1391 871 1445 propugnantes
895 1384 1027 1431 hasta
1062 1385 1307 1442 transfixit,
1343 1387 1566 1448 quosdam

94 1451 235 1501 etiam
258 1451 468 1499 cominus
490 1451 650 1513 gladio
673 1451 747 1512 cl)
751 1467 931 1513 peoque
955 1451 1176 1513 impulsos
1199 1453 1525 1515 praecipitavit
1549 1474 1561 1509 ;

93 1520 267 1582 quippe
289 1519 449 1576 turris,
482 1535 540 1565 ex
574 1535 665 1581 qua
697 1518 962 1567 dimicabat.
990 1519 1134 1565 muris
1156 1518 1361 1567 hostium
1396 1538 1560 1584 prope·

92 1587 284 1634 modum
308 1585 599 1634 cohaerebat.
669 1585 869 1648 Jamque
904 1586 1075 1632 crebris
1099 1587 1321 1635 arietibus
1345 1604 1564 1637 saxorum

93 1668 318 1717 compage
339 1653 510 1708 laxata,
537 1653 827 1701 munimenta
850 1653 1132 1709 defecerant,
1159 1661 1208 1702 et
1230 1655 1389 1703 classis
1412 1658 1559 1705 intra·

95 1727 226 1770 vetat
249 1727 449 1783 portum,
486 1727 533 1768 et
556 1720 745 1782 quidam
773 1720 1083 1768 Macedonum
1104 1722 1154 1768 in
1179 1731 1331 1771 turres
1349 1723 1553 1773 hostium

93 1788 302 1837 desertas
324 1795 598 1842 evaserant;
636 1803 778 1850 quum
800 1788 963 1850 Tyrii,
1000 1795 1073 1836 tot
1107 1787 1243 1836 simul
1278 1791 1409 1838 malis
1432 1792 1559 1850 victi,

92 1854 170 1903 alii
193 1854 425 1918 supplices
449 1855 495 1900 in
533 1856 706 1916 templa
739 1855 1032 1917 confugiunt,
1070 1855 1147 1902 alii
1169 1856 1345 1905 foribus
1379 1860 1563 1907 aedium

92 1922 318 1972 obseratis
350 1931 581 1985 occupant
613 1922 809 1969 liberum
844 1923 1005 1971 mortis
1038 1923 1313 1980 arbitrium;
1350 1927 1565 1975 nonnulli

2 1991 14 2003 ”
91 1997 238 2039 ruunt
266 1990 319 2038 in
353 1989 547 2046 hostem,
584 1990 708 2036 haud
745 1990 883 2037 inulti
918 1998 1072 2038 tamen
1109 1991 1342 2053 perituri:
1388 2009 1560 2057 magna

91 2072 198 2120 pars
219 2072 398 2105 summa
422 2065 651 2105 tectorum
676 2058 931 2114 obtinebat,
949 2074 1072 2115 saxa,
1094 2067 1142 2106 et
1160 2059 1388 2123 quidquid
1412 2062 1559 2110 mani·

91 2125 180 2172 bus
213 2123 308 2172 fors
341 2124 550 2182 dederat,
576 2125 841 2186 ingerentes
875 2126 1200 2173 subeuntibus.
1270 2128 1554 2186 Alexander,

89 2192 295 2254 exceptis
318 2191 397 2253 qui
434 2191 482 2238 in
485 2193 680 2269 ‘templa
703 2193 1025 2255 confugerant,
1053 2209 1212 2241 omnes
1246 2194 1457 2253 interfici,
1485 2197 1556 2258 ig-

91 2274 291 2322 nemque
316 2258 451 2306 tectis
484 2257 611 2320 injici
627 2259 784 2321 jubet.
853 2259 943 2307 His
967 2277 1050 2323 per
1073 2276 1322 2322 praecones
1346 2278 1555 2325 pronun·

91 2326 243 2382 eiatis,
268 2341 406 2373 nemo
429 2333 584 2373 tamen
602 2335 807 2375 armatus
830 2343 963 2390 opem
980 2345 1007 2375 a
1021 2328 1110 2375 diis
1125 2337 1282 2391 petere
1299 2331 1557 2380 sustinuit:

90 2394 221 2457 pueri
249 2394 544 2455 virginesque
562 2393 735 2455 templa
757 2395 1127 2457 compleverant,
1154 2395 1239 2442 viri
1257 2397 1306 2442 in
1325 2398 1556 2446 vestibulo

89 2477 277 2512 suarum
323 2460 517 2522 quisque
563 2460 746 2508 aedium
792 2463 993 2517 stabant,
1041 2470 1202 2524 parata
1245 2464 1556 2513 saevientibus

89 2530 245 2578 turba.
317 2527 479 2575 Multis
512 2537 669 2574 tamen
702 2529 840 2576 saluti
886 2530 1028 2586 fuere,
1076 2529 1270 2587 Sidonii,
1307 2532 1386 2594 qui
1430 2533 1555 2582 intra

92 2594 408 2645 Macedonum
443 2594 671 2658 praesidia
716 2603 884 2644 erant:
921 2596 968 2642 bi
1004 2597 1163 2644 urbem
1196 2596 1384 2660 quidem
1428 2601 1551 2649 inter

89 2662 289 2712 victores
313 2663 615 2717 intraverant,
642 2662 723 2708 sed
747 2664 1038 2724 cognationis
1061 2678 1165 2712 cum
1191 2664 1347 2727 Tyriis
1379 2682 1552 2714 memo·

89 2744 164 2778 res
188 2729 381 2794 (quippe
404 2736 649 2791 utramque
673 2730 833 2775 urbem
868 2732 1135 2793 Agenorem
1168 2732 1431 2782 condidisse
1453 2752 1551 2782 cre-

86 2794 301 2861 debant),
343 2796 514 2845 multos
549 2796 800 2860 Tyriorum
844 2797 983 2845 etiam
1021 2804 1335 2861 protegentes,
1371 2802 1431 2848 ad
1466 2818 1550 2849 sua

92 2863 350 2925 perduxere
382 2864 599 2926 navigia.
588 2881 599 2891 ·
648 2864 816 2926 quibus
854 2865 1111 2923 occultatis,
1148 2866 1323 2915 Sidona
1368 2868 1548 2916 devecti

93 2936 222 2981 sunt·
286 2930 567 2989 Quindecim
613 2931 756 2979 millia
789 2930 878 2978 hoc
911 2930 1036 2982 furto
1068 2933 1300 2982 subducta
1332 2935 1550 2984 saevitiae

89 3005 231 3052 sunt.
265 3005 584 3065 quantumque
617 2998 858 3114 sangussnig
887 2998 1039 3050 fusum
1073 3001 1148 3060 sit,
1176 3001 1249 3049 vel
1273 3016 1330 3050 ex
1355 3001 1442 3050 hoe
1465 3017 1547 3055 ex·
