1721 3200
591 148 800 199 LIBER.
835 147 1147 199 TERTIUS.
1554 151 1606 198 11

136 284 312 336 oderat.
381 284 773 335 Monstrabantur
790 284 977 332 urbium
1001 285 1150 341 sedes,
1177 283 1401 347 Lyrnessi
1419 292 1469 332 et
1488 284 1612 334 The-

137 354 232 411 bes,
270 352 516 417 Typhonis
549 369 737 417 quoque
757 368 924 415 specus
959 360 1007 400 et
1044 352 1296 416 Corycium
1332 368 1497 402 nemus
1531 355 1611 401 ubi

136 436 323 470 crocum
355 421 586 483 gignitur,
621 429 870 482 ceteraque
891 420 941 466 in
965 420 1137 482 quibus
1184 420 1302 466 nihil
1337 427 1523 482 praeter
1545 421 1615 468 fa-

139 504 261 537 mam
283 488 549 537 duraverat.
618 487 891 536 Alexander
912 487 1070 535 fauces
1086 488 1193 548 jugi
1217 504 1337 549 quae
1363 488 1509 550 Pylae
1531 504 1614 552 ap-

140 556 377 619 pellantur
408 556 622 605 intravit.
690 554 1052 617 Contemplatus
1092 555 1303 602 locorum
1337 556 1469 612 situs,
1518 571 1615 605 non

138 623 253 672 aliha
285 624 433 686 magis
466 624 640 671 dicitur
684 623 940 671 admiratus
986 639 1086 670 esse
1130 623 1398 670 felicitatem
1445 640 1615 679 suam:

138 691 274 739 obrui
305 692 511 755 potuisse
546 692 618 739 vel
653 692 776 738 saxis
809 691 1135 746 confitebatur,
1161 691 1422 738 sifuissent
1451 692 1532 753 qui
1565 691 1614 738 in

137 759 392 808 subeuntes
425 760 758 822 propellerent.
863 758 959 805 Iter
994 759 1072 804 vix
1113 766 1367 820 quaternos
1400 759 1615 820 capiebat

136 834 339 875 armatos
364 845 376 875 :
410 827 601 874 dorsum
627 827 799 874 montis
822 826 1095 873 imminebat
1120 827 1235 880 viae,
1263 842 1359 872 non
1384 833 1614 888 angustae

135 894 279 942 modo
310 895 394 942 sed
438 895 712 957 plerumque
746 901 1040 956 praeruptae,
1077 894 1251 940 crebris
1285 894 1613 942 oberrantibus

131 962 243 1009 rivis
266 962 347 1025 qui
370 978 428 1009 ex
443 963 678 1009 radicibus
695 962 926 1008 montium
952 969 1159 1008 manant.
1232 961 1438 1009 Thracas
1456 968 1612 1016 tama)

135 1029 303 1077 leviter
334 1038 539 1077 armatos
584 1029 861 1091 praecedere
894 1029 1100 1089 jusserat
1134 1029 1426 1090 scrutarique
1459 1029 1614 1086 calles,

131 1111 194 1144 ne
225 1097 439 1145 occultus
477 1097 625 1144 hostis
660 1097 708 1143 in
744 1097 998 1143 subeuntes
1033 1103 1329 1158 erumperet;
1367 1097 1612 1158 sagittario

128 1179 234 1211 rum
256 1180 443 1227 quoque
476 1181 642 1211 manus
667 1173 976 1226 occupaverat
992 1162 1165 1225 jugum
1191 1181 1202 1217 ;
1239 1163 1452 1211 intentos
1475 1180 1610 1212 arcus

129 1230 382 1287 habebant,
425 1233 604 1288 moniti,
652 1248 748 1278 non
789 1232 879 1279 iter
924 1231 1049 1292 ipsos
1094 1232 1213 1277 inire
1250 1231 1334 1278 sed
1367 1232 1609 1294 praelium.

130 1298 240 1347 Hoc
261 1300 404 1347 modo
427 1316 595 1361 agmen
620 1299 834 1360 pervenit
868 1299 928 1345 ad
963 1299 1126 1345 urbem
1163 1298 1359 1355 Tarson,
1397 1300 1473 1346 cui
1508 1308 1610 1348 tum

129 1367 329 1415 maxime
364 1367 534 1415 Persae
556 1367 866 1428 subjiciebant
890 1367 1062 1426 ignem,
1090 1382 1149 1429 ne
1173 1367 1450 1428 opulentum
1476 1370 1610 1431 oppi-

130 1434 243 1483 dum
266 1436 413 1483 hostis
435 1436 693 1482 invaderet.
766 1438 832 1482 At
851 1435 943 1490 illc,
974 1433 1283 1480 Parmenione
1307 1435 1367 1480 ad
1391 1435 1607 1483 inhiben-

127 1502 519 1551 dumincendium
544 1519 649 1550 cum
673 1503 894 1563 expedita
915 1517 1056 1548 manu
1078 1502 1340 1563 praemisso,
1362 1510 1610 1565 postquam

130 1569 366 1618 Barbaros
383 1572 589 1618 adventu
615 1587 805 1616 suorum
840 1571 1026 1631 fugatos
1050 1585 1149 1616 esse
1172 1570 1410 1630 coguovit,
1447 1572 1610 1618 urbem

127 1653 155 1683 a
177 1652 228 1685 se
248 1648 570 1685 conservatam
595 1639 759 1684 intrat.

197 1705 281 1754 xl.
319 1706 365 1752 5.
404 1705 610 1752 Mediam
647 1704 844 1767 Cydnus
889 1705 1054 1762 amnis,
1101 1705 1161 1751 de
1194 1721 1288 1766 quo
1323 1706 1464 1767 paulo
1498 1714 1609 1755 ante

124 1773 304 1821 dictum
329 1779 415 1830 est,
454 1772 710 1827 interfluit;
747 1780 796 1819 et
830 1778 944 1819 tunc
979 1781 1128 1820 aestas
1163 1781 1278 1829 crat,
1315 1773 1449 1835 cujus
1479 1774 1610 1822 calor

126 1855 222 1888 non
242 1841 381 1888 aliam
416 1841 565 1899 magis
588 1856 728 1901 quam
754 1840 945 1886 Ciliciae
963 1854 1092 1887 oram
1118 1857 1288 1902 vapore
1310 1841 1420 1888 solis
1443 1857 1608 1889 accen-

123 1907 233 1956 dit:
278 1916 328 1956 et
360 1908 454 1955 diei
489 1908 846 1954 fervidissimum
882 1915 1066 1970 tempus
1099 1917 1331 1970 coeperat.
1405 1908 1605 1957 Pulvere

125 1989 183 2023 ω
218 1976 391 2023 sudore
423 1976 561 2022 simul
596 1976 834 2038 perfusum
869 1991 1028 2037 regem
1063 1976 1282 2024 invitavit
1316 1976 1470 2038 liquor
1514 1977 1603 2025 flu-

126 2042 281 2099 minis,
303 2051 359 2091 ut
379 2043 582 2090 calidum
616 2043 769 2090 adhuc
802 2059 970 2106 corpus
988 2043 1217 2091 ablueret.
1290 2043 1455 2106 Itaque
1478 2052 1606 2094 veatae

125 2109 402 2172 depositain
415 2119 671 2173 conspectu
695 2111 909 2172 agminis,
935 2111 1156 2159 decorum
1180 2128 1366 2173 quoque
1390 2113 1603 2160 futurum

124 2186 270 2234 ratus,
295 2178 334 2224 si
366 2178 647 2227 ostendisset
679 2180 774 2225 suis
809 2179 899 2225 levi
933 2195 986 2225 ac
1019 2179 1216 2241 parabili
1239 2180 1370 2227 cultu
1394 2181 1604 2242 corporis

124 2260 175 2293 se
196 2261 297 2293 oese
319 2252 609 2302 contentum,
635 2245 879 2294 descendit
903 2247 951 2292 in
970 2246 1142 2293 flumen
1168 2263 1180 2302 ;
1217 2247 1388 2308 vixque
1411 2248 1602 2306 ingressi

123 2314 281 2362 subito
315 2313 508 2360 horrore
541 2320 672 2361 artus
716 2314 869 2376 rigere
902 2323 1194 2377 coeperunt:
1242 2315 1391 2376 pallor
1426 2314 1598 2363 deinde

122 2380 325 2429 suffusus
348 2388 433 2436 cst,
470 2388 519 2428 et
540 2387 693 2428 totum
725 2382 1061 2444 propemodum
1095 2398 1262 2443 corpus
1297 2381 1451 2429 vitalis
1472 2381 1600 2430 calor

114 2449 324 2513 reliquit.
395 2448 664 2510 Exspiranti
698 2448 894 2495 similem
930 2449 1131 2496 ministri
1166 2464 1308 2495 manu
1332 2449 1589 2511 excipiunt,

122 2530 212 2565 nec
243 2517 358 2565 satis
389 2525 654 2577 compotem
687 2516 859 2563 mentis
893 2517 944 2563 in
978 2516 1330 2564 tabernaculum
1366 2516 1600 2567 deferunt.

124 2581 301 2647 Ingens
339 2584 588 2633 solicitudo
622 2589 671 2630 et
705 2598 853 2644 paene
879 2583 976 2643 jam
1012 2584 1168 2631 luctus
1200 2584 1251 2630 in
1285 2584 1448 2632 castris
1481 2592 1600 2634 erat.

120 2648 312 2701 Flentes
331 2652 666 2715 querebantur,
703 2651 751 2696 in
777 2657 910 2699 tanto
943 2652 1121 2713 impetu
1155 2666 1388 2714 cursuque
1422 2668 1598 2709 rerum,

121 2719 274 2767 onais
306 2720 474 2768 aetatis
507 2733 562 2766 ac
595 2718 844 2765 memoriae
873 2718 1177 2765 clarissimum
1209 2734 1385 2781 regem,
1419 2734 1516 2767 non
1549 2721 1598 2767 in

123 2785 420 2844 adeuntem,
446 2802 544 2833 non
569 2787 631 2833 ab
649 2785 785 2833 hoste
809 2785 1059 2847 dejectum,
1084 2785 1168 2834 sed
1189 2787 1458 2834 abluentem
1482 2803 1604 2849 aqua

121 2865 304 2916 corpu,
346 2863 562 2917 ereptum
606 2869 707 2901 esse
739 2860 788 2901 et
832 2851 1131 2901 extinctum:
1177 2854 1353 2902 instare
1398 2854 1599 2902 Darium

123 2918 347 2970 vim
366 2930 621 2984 antequam
643 2921 838 2969 vidisset
861 2920 1044 2970 hostem
1067 2937 1080 2969 ε
1116 2921 1205 2969 sibi
1238 2921 1426 2969 easdem
1450 2929 1601 2971 terr-

120 3000 239 3049 (ιω
257 2986 460 3039 vm
473 2996 803 3053 peragrassent
819 2987 1099 3052 repetendas
1121 3006 1134 3038 ε
1170 2990 1343 3047 omnia,
1367 2994 1452 3038 sut
1472 2987 1599 3053 ipses
