1721 3200
89 192 150 240 42
524 192 730 240 LIBER.
768 189 1112 250 QUARTUS.

89 326 281 375 istimari
305 332 471 388 potest,
497 328 623 388 quod
656 327 782 375 intra
812 324 1100 374 munimenta
1132 325 1263 374 urbis
1293 341 1374 374 sex
1403 324 1551 378 millis

86 400 367 441 armatorum
403 395 635 442 trucidata
658 402 781 442 sunt.
853 394 1007 442 Triste
1029 393 1199 439 deinde
1233 395 1550 457 spectaculum

88 460 338 508 victoribus
355 459 426 506 ira
446 462 661 521 praebuit
677 461 800 523 regis
825 478 836 508 :
874 461 969 508 duo
1001 460 1157 518 millia,
1183 460 1233 507 in
1265 462 1440 523 quibus
1466 478 1552 511 ec·-

85 526 273 574 cidendi
317 527 550 576 defecerat
599 529 763 584 rabies,
811 528 1022 575 crucibus
1069 527 1207 583 affixi,
1253 543 1337 590 per
1378 529 1550 592 ingens

84 593 232 641 litoris
272 594 471 656 spatium
504 596 839 657 pependerunt.
913 594 1354 656 Carthaginensium·
1381 597 1551 658 legatis

86 660 308 723 pepercit,
342 661 501 709 addita
523 663 883 710 denunciatione
916 662 1041 719 belli,
1075 662 1201 724 quod
1234 664 1546 724 praesentium

87 743 239 775 rerum
262 729 511 776 necessitas
534 736 805 777 moraretur.
1574 732 1580 737 ’

154 794 289 841 ΧΙΧ.
327 795 481 858 Tyrus
506 797 701 858 septimo
725 813 882 843 mense
915 812 1054 858 quam
1089 797 1351 861 oppugnari
1382 803 1549 860 coepta

90 869 188 910 erat
222 870 357 924 capta
391 871 491 919 est;
528 865 653 921 urbs,
690 871 736 911 et
782 869 1016 911 vetustate
1061 864 1268 924 originis,
1304 870 1354 912 et
1385 865 1554 911 crebra

88 930 302 978 fortunae
349 930 572 977 varietate
617 931 677 976 ad
717 931 982 977 memoriam
1018 931 1303 991 posteritatis
1336 931 1548 994 insignis.

93 997 295 1043 Condita
319 998 377 1043 ab
402 998 634 1059 Agenore,
658 998 738 1043 diu
763 1013 901 1054 mare,
928 1013 1022 1043 non
1054 997 1257 1044 vicinum
1289 997 1445 1054 mode,
1469 998 1554 1046 sed

88 1064 414 1126 quodcumque
448 1064 612 1111 classes
649 1064 745 1125 ejus
780 1065 1013 1120 adierunt,
1038 1064 1228 1112 ditionis
1240 1064 1373 1112 Quae
1402 1065 1552 1122 fecit;

89 1137 152 1188 et,
177 1132 213 1176 si
238 1131 386 1177 famae
418 1131 533 1178 libet
567 1134 768 1188 credere,
803 1132 918 1178 haee
950 1147 1065 1191 gens
1100 1131 1256 1178 literas
1289 1132 1439 1193 prima
1471 1141 1555 1180 aut

91 1197 264 1253 docuit,
286 1203 366 1245 aut
383 1198 561 1246 didicit.
617 1198 859 1246 ⁴Coloniae
881 1206 1004 1245 certe
1024 1197 1121 1259 ejus
1145 1214 1292 1260 paene
1315 1200 1428 1246 orbe
1449 1205 1554 1247 toto

90 1265 285 1311 diffusae
308 1271 446 1319 sunt<
485 1264 724 1327 Carthago
759 1266 808 1311 in
844 1265 1013 1322 Africa,
1051 1266 1101 1312 in
1125 1265 1321 1313 Boeotia
1345 1266 1552 1323 Thebae,

94 1332 251 1378 Gades
290 1333 349 1378 ad
387 1331 640 1379 Oceanum.
714 1333 866 1379 Credo
899 1333 1045 1378 libero
1079 1338 1389 1382 commeantes
1421 1335 1553 1392 mari,

92 1399 366 1460 saepiusque
400 1399 616 1445 adeundo
667 1400 829 1446 ceteris
884 1399 1147 1461 incognitas
1186 1406 1347 1457 terras,
1383 1400 1557 1461 elegise

92 1466 222 1513 sedes
239 1466 480 1527 juventuti
502 1483 593 1528 qua
616 1474 729 1514 tunc
763 1468 1064 1514 abundabant
1089 1486 1098 1513 :
1136 1484 1218 1514 seu
1251 1467 1360 1530 quia
1382 1469 1558 1517 crebris

95 1534 293 1580 motibus
318 1540 481 1589 terrae,
507 1549 615 1579 nam
650 1535 737 1580 hoc
761 1550 944 1596 quoque
978 1535 1195 1592 traditur,
1219 1536 1421 1582 cultores
1455 1535 1557 1597 ejus

91 1600 289 1662 fatigati,
313 1615 435 1647 nova
470 1607 518 1648 et
551 1607 744 1648 externa
779 1602 1011 1648 domicilia
1046 1602 1182 1648 armis
1207 1602 1390 1650 sibimet
1411 1618 1554 1665 quae-

92 1683 195 1714 rere
217 1668 521 1728 cogebantur.
592 1668 756 1714 Multis
780 1684 891 1730 ergo
915 1668 1094 1715 casibus
1121 1668 1354 1727 defuncta,
1378 1676 1427 1717 et
1447 1677 1559 1733 post

94 1734 326 1782 excidium
350 1743 524 1791 renata,
550 1751 676 1782 nunc
700 1736 887 1782 tandem
922 1737 1061 1796 longa
1095 1751 1210 1797 pace
1242 1741 1411 1785 cuncta
1431 1737 1555 1784 refo-

94 1807 249 1857 vente,
273 1802 360 1848 sub
382 1803 532 1850 tutela
557 1802 798 1849 Romanae
821 1803 1189 1850 mansuetudinis
1213 1803 1483 1864 adquiescit.

162 1869 268 1916 XX.
296 1870 341 1916 5.
367 1869 537 1915 lisdem
559 1870 702 1916 ferme
725 1870 888 1916 diebus
910 1870 1041 1917 Darii
1063 1870 1226 1916 literae
1243 1869 1410 1918 allatae
1425 1878 1554 1930 sunt,

97 1936 285 1982 tandem
308 1944 362 1983 ut
385 1936 484 1997 regi
507 1937 718 1998 scriptae.
788 1937 985 1984 Petebat
1017 1937 1088 1983 uti
1117 1937 1256 1983 filiam
1282 1953 1426 1995 suam,
1448 1939 1557 1987 Sta-

97 2002 213 2048 tirae
247 2010 346 2050 erat
379 2019 562 2060 nomen,
610 2005 785 2065 nuptiis
818 2004 1086 2051 Alexander
1131 2003 1216 2050 sibi
1258 2003 1551 2067 adjungeret.

97 2069 272 2116 Dotem
306 2070 405 2115 fore
438 2086 620 2116 omnem
667 2072 902 2131 regionem
949 2072 1070 2117 inter
1111 2069 1470 2133 Hellespontum
1503 2079 1556 2121 et

100 2136 259 2198 Halyn
283 2152 462 2182 amnem
488 2138 621 2182 sitam
643 2154 652 2183 :
679 2137 790 2184 inde
810 2137 1052 2185 Orientem
1075 2139 1400 2200 spectantibus
1415 2142 1555 2188 terris

97 2209 371 2250 contentum
396 2220 444 2249 se
466 2204 577 2249 fore.
652 2204 699 2249 Si
723 2204 842 2252 forte
876 2206 1113 2253 dubitaret
1148 2205 1274 2266 quod
1308 2207 1555 2255 offerretur

97 2271 310 2332 accipere
334 2287 344 2324 ;
383 2286 619 2331 nunquam
645 2271 725 2316 diu
749 2272 912 2318 eodem
934 2272 1132 2332 vestigio
1154 2282 1277 2319 stare
1298 2273 1550 2332 fortunam,

97 2353 367 2399 semperque
391 2338 597 2383 homines
621 2345 1025 2400 quantancumque
1043 2339 1311 2387 felicitatem
1331 2339 1550 2398 habeant,

96 2404 318 2450 invidiam
341 2412 497 2452 tamen
520 2405 692 2451 sentire
727 2405 960 2466 majorem.
1030 2406 1207 2463 Vereri,
1235 2422 1293 2453 ne
1325 2420 1375 2452 se
1396 2407 1550 2454 avium

99 2470 250 2525 mode,
277 2487 391 2532 quas
414 2471 638 2518 naturalis
670 2472 833 2518 levitas
857 2481 1016 2532 ageret
1051 2474 1109 2519 ad
1145 2474 1309 2530 sidera,
1345 2474 1474 2520 inani
1495 2491 1553 2522 ac

95 2538 263 2597 puerili
298 2539 466 2585 mentis
509 2539 675 2586 affectu
720 2540 933 2586 efferret:
983 2540 1115 2586 Nihil
1160 2539 1392 2586 difficilius
1432 2557 1544 2601 esse,

102 2619 236 2664 quam
259 2604 307 2648 in
332 2605 409 2650 illa
431 2611 582 2652 aetate
615 2612 792 2652 tantam
818 2622 979 2668 capere
1005 2607 1266 2653 fortunam:
1302 2605 1476 2654 Multas
1500 2622 1568 2657 se

105 2669 256 2716 adhuc
290 2671 505 2731 reliquias
540 2672 722 2729 habere,
747 2688 832 2719 nec
867 2690 1044 2735 semper
1077 2674 1125 2719 in
1160 2671 1388 2735 angustiis,
1415 2689 1550 2735 posse

102 2736 415 2798 deprehendi:
453 2739 786 2785 transeundum
822 2755 919 2786 esse
951 2739 1223 2786 Alexandro
1257 2738 1544 2802 Euphraten,

105 2803 362 2865 Tigrimque
384 2809 431 2850 et
465 2805 666 2864 Araxen,
693 2812 739 2853 et
764 2806 1035 2868 Hydaspen,
1060 2821 1230 2866 magna
1262 2807 1552 2859 munimenta

99 2870 233 2931 regni
268 2869 367 2916 sui:
426 2871 703 2918 veniendum
737 2873 786 2919 in
831 2888 1027 2934 campos,
1062 2872 1144 2919 ubi
1174 2873 1407 2934 paucitate
1440 2893 1550 2925 suo..

101 2952 203 2983 rum
238 2937 600 2983 erubescendum
634 2940 729 2986 sit:
767 2939 985 2995 Mediam,
1022 2937 1322 3000 Hyrcaniam,
1360 2940 1549 3004 Bactra,

100 3010 146 3048 et
180 3003 320 3052 Indos
369 3003 545 3051 Oceani
592 3005 770 3053 accolas
803 3005 990 3068 quando
1023 3004 1257 3054 aditurum
1275 3006 1299 3055 P
1334 3023 1393 3056 ne
1427 3011 1550 3073 Sog-
