1721 3200
518 154 759 218 QUINTI
796 155 1033 205 CURTII
1072 155 1251 204 RUFI.
1548 158 1611 206 :57

144 297 266 342 runt
286 308 297 339 ι
333 300 396 352 et,
420 308 524 342 eum
547 307 762 356 magnam
786 293 878 339 vim
902 293 1029 340 venti
1054 292 1153 340 vela
1173 308 1357 355 quoque
1380 294 1615 355 concepis-

157 370 276 416 sent,
312 360 524 410 celeriter
558 361 617 409 ad
652 360 818 407 molem
855 360 1088 408 successit.
1159 359 1309 417 Tune,
1345 375 1481 422 prora
1513 360 1612 420 ejus

152 442 360 487 accensa,
384 430 585 491 remiges
597 427 808 477 desiliere
830 428 878 474 in
897 427 1102 490 scaphas,
1128 442 1244 488 quae
1267 427 1326 474 ad
1352 429 1438 475 hoc
1461 427 1609 491 ipsum

155 503 456 557 praeparatae
488 497 834 559 sequebantur:
873 496 1002 542 navis
1037 502 1209 553 autem,
1235 495 1337 555 igne
1370 509 1613 557 concepto,

154 559 295 610 latius
316 562 514 612 fundere
533 563 798 611 incendium
824 563 976 625 coepit
1001 580 1012 617 ;
1049 562 1188 623 quod,
1216 563 1476 624 priusquam
1503 578 1609 625 poe-

152 637 220 676 net
242 630 435 688 occurri,
460 639 612 685 turres
634 639 681 678 et
705 642 858 679 cetera
892 646 1031 692 opera
1054 630 1102 676 in
1127 630 1278 692 capite
1305 630 1435 676 molis
1460 630 1610 691 posita

153 697 527 760 comprehendit.
609 699 678 745 At
722 699 799 759 qui
845 697 1111 745 desilierant
1145 698 1193 743 in
1229 713 1373 759 parva
1407 697 1609 759 navigia,

150 764 286 823 ficos,
318 771 367 813 et
401 765 622 829 quidquid
669 765 837 812 alendo
876 765 976 827 igni
1013 774 1173 826 aptum
1215 773 1331 819 erat,
1366 766 1415 811 iu
1449 766 1610 812 eadem

140 846 284 894 opera
305 832 542 895 ingerunt.
611 832 810 893 Jamque
834 848 927 879 non
946 832 1083 879 modo
1104 832 1411 879 Macedonum
1437 843 1605 887 turres.

147 898 229 946 aed
253 899 390 948 etiam
416 916 594 947 summa
612 901 820 948 tabulata
852 908 1160 962 conceperant
1182 900 1337 961 ignem
1364 917 1374 956 ;
1412 916 1553 959 quum
1577 902 1611 948 ii

147 965 225 1026 qui
249 966 298 1013 in
323 968 528 1014 turribus
552 975 685 1014 erant
719 969 884 1030 partim
922 967 1220 1031 haurirentur
1245 967 1475 1024 incendio,
1503 984 1604 1029 par—

79 1029 85 1038 *
149 1034 248 1089 tim,
273 1036 411 1081 armis
446 1036 637 1092 omissis,
664 1036 710 1081 in
736 1050 860 1081 mare
885 1033 1116 1097 semetipsi
1150 1035 1471 1082 immitterent.
1543 1035 1605 1083 At

144 1098 292 1163 Tyrii,
316 1102 394 1162 qui
413 1118 576 1164 capere
593 1118 670 1149 eos
685 1116 821 1161 quam
842 1103 1101 1148 interlicere
1116 1102 1320 1157 mallent,
1342 1104 1604 1151 natantium

143 1181 307 1215 mnus
341 1169 577 1231 stipitibus
611 1169 822 1229 saxisque
869 1169 1150 1225 lacerabant,
1186 1169 1334 1215 donee
1370 1170 1602 1218 debilitati

141 1234 334 1298 impune
377 1236 573 1298 navigiis
608 1237 755 1298 excipi
791 1244 991 1298 possent.
1066 1237 1163 1282 Nee
1206 1236 1424 1283 incendio
1457 1238 1607 1284 solum

139 1317 280 1365 opera
325 1311 597 1366 consumpta
622 1322 632 1358 ;
681 1304 761 1350 sed
797 1304 917 1351 forte
962 1303 1123 1350 eodem
1170 1303 1246 1350 (lie
1291 1306 1608 1353 vehementior

139 1379 306 1418 ventus
330 1381 506 1419 motum
526 1388 583 1418 ex
607 1371 839 1434 profundo
858 1388 983 1417 mare
1000 1371 1191 1417 illisitin'
1208 1371 1394 1429 molem,
1408 1373 1604 1421 crebris·

137 1450 233 1498 que
271 1436 490 1486 fluctibus
524 1455 768 1501 compages
804 1440 952 1501 operis
990 1438 1256 1486 verberatae
1291 1455 1339 1485 se
1373 1440 1602 1494 laxavere,

135 1505 611 1565 saxaqueinterluens
646 1506 772 1552 unda
808 1507 1008 1552 medium
1035 1522 1149 1567 opus
1184 1507 1323 1567 rupit.
1396 1505 1606 1556 Prorutis

134 1572 283 1634 igitur
305 1571 510 1635 lapidum
530 1574 737 1627 cumulis,
757 1574 923 1634 quibus
939 1573 1108 1634 injecta
1126 1585 1248 1620 terra
1273 1575 1602 1634 sustinebatur,

136 1653 354 1701 praeceps
388 1640 434 1685 in
472 1641 750 1702 profundum
786 1642 911 1687 ruit:
951 1648 1198 1701 tantaeque
1233 1641 1362 1687 molis
1398 1642 1473 1688 vix
1510 1643 1602 1690 ulla

136 1705 334 1768 vestigia
357 1708 533 1755 invenit
559 1709 732 1754 Arabia
757 1710 938 1754 rediens
966 1708 1244 1755 Alexander.

201 1773 312 1822 ΧΠ.
350 1773 458 1831 Hie,
484 1775 608 1835 quod
644 1776 691 1820 in
715 1776 920 1821 adversis
944 1775 1081 1821 rebus
1105 1775 1222 1822 solet
1257 1775 1370 1833 fieri,
1397 1777 1513 1823 aliua
1548 1778 1596 1825 iu

132 1839 274 1889 alium
296 1841 479 1904 culpam
505 1843 746 1899 referebat,
784 1858 922 1903 quum
949 1858 1106 1888 omnes
1128 1843 1278 1890 verius
1312 1843 1372 1891 de
1406 1843 1598 1893 saevitia

131 1910 269 1957 maris
303 1908 434 1971 queri
456 1920 661 1972 possent.
732 1909 837 1956 Rex
862 1911 968 1956 novi
993 1909 1143 1971 operis
1179 1910 1345 1957 molem
1371 1927 1516 1967 orsus,
1544 1913 1591 1958 in

127 1976 371 2025 adversum
394 1985 584 2024 ventum
623 1994 714 2024 non
750 1978 907 2031 latere,
945 1978 1025 2023 sed
1062 1984 1188 2024 recta
1223 1978 1375 2025 fronte
1398 1979 1584 2029 direxit.

130 2041 200 2090 Ea
221 2039 378 2092 cetera
399 2059 556 2106 opera,
584 2045 711 2092 velut
735 2046 820 2091 sub
846 2047 942 2107 ipsa
969 2045 1174 2094 latentia.
1203 2046 1424 2093 tuebatur
1449 2063 1460 2103 ;
1487 2047 1591 2096 lati·

129 2109 340 2158 tudinem
371 2125 552 2172 quoque
575 2113 734 2174 aggeri
758 2113 941 2173 adjecit,
969 2120 1021 2158 ut
1045 2121 1194 2159 turres
1219 2113 1266 2159 in
1291 2114 1442 2160 medio
1466 2131 1591 2162 erec-

128 2185 204 2225 tae
227 2178 389 2241 procul
411 2177 492 2224 teli
509 2178 638 2240 jactu
664 2180 892 2227 abessent.
932 2179 1075 2226 Totas
1098 2188 1254 2226 autem
1274 2181 1460 2227 arbores
1485 2198 1589 2228 eum

126 2244 395 2308 ingentibus
417 2245 555 2292 ramis
574 2246 622 2292 in
646 2246 792 2294 altum
809 2246 1061 2308 jaciebant,
1087 2245 1256 2294 deinde
1280 2248 1403 2294 saxis
1426 2264 1592 2295 onera-

127 2311 277 2368 bant3
316 2327 474 2360 rursus
507 2313 691 2360 cumulo
725 2330 883 2360 eorum
920 2314 1031 2360 alias
1066 2315 1252 2361 arbores
1287 2314 1586 2375 injiciebant:

121 2385 221 2427 tum
245 2379 414 2428 humus
448 2381 790 2440 aggei-ebatum
826 2397 1053 2443 superque
1086 2381 1175 2427 alia
1209 2390 1337 2428 strue
1370 2398 1583 2431 saxorum

122 2445 432 2507 arborumque
479 2447 726 2503 cumulata,
775 2448 900 2496 velut
941 2449 1140 2507 quodam
1189 2464 1309 2495 nexu
1344 2451 1587 2498 continens

122 2527 240 2578 opus
254 2513 527 2576 junxerant.
602 2513 699 2561 Nec
725 2514 872 2577 Tyrii,
895 2515 1122 2575 quidquid
1157 2515 1214 2561 ad
1241 2515 1586 2578 impediendam

122 2580 290 2629 molem
309 2581 561 2644 excogitari
578 2589 776 2643 poterat,
794 2583 998 2644 segniter
1022 2582 1406 2643 exsequebantur.
1448 2583 1586 2631 Prae·

124 2646 312 2712 dpuum
352 2648 577 2696 auxilium
622 2657 735 2705 erat,
773 2648 849 2709 qui
886 2649 1045 2711 procul
1094 2648 1294 2697 hostium
1334 2659 1584 2714 conspectu

123 2714 343 2764 mbibant
365 2716 827 2776 aquam,ooeultoque
850 2715 979 2778 lapsu
1003 2716 1062 2762 ad
1088 2716 1253 2764 molem
1279 2733 1422 2779 usque
1446 2735 1579 2780 pene-

123 2780 325 2837 trabant,
371 2782 565 2830 falcibus
605 2782 815 2845 palmites
854 2783 1068 2849 arborum
1104 2784 1406 2833 eminentium
1441 2788 1497 2832 ad
1535 2802 1583 2832 se

122 2846 388 2898 trahentes:
424 2865 543 2910 quae
565 2850 645 2897 ubi
679 2858 900 2911 sequutae
922 2858 1070 2905 erant,
1105 2850 1322 2914 pleraque
1344 2869 1497 2900 aecum
1535 2853 1580 2899 in

122 2911 404 2975 profundum
426 2917 602 2965 dabant
626 2933 637 2972 ;
674 2925 773 2965 tum
798 2917 974 2964 levatos
996 2932 1136 2966 onere
1157 2919 1337 2982 stipites
1372 2930 1581 2966 truncos·

120 2994 212 3041 que
253 2981 467 3031 ntorum
503 2983 628 3032 haud
662 3000 800 3047 aegre
835 2983 1179 3034 moliebantur:
1226 2985 1396 3033 deinde
1432 2995 1582 3035 totum
