1721 3200
199 208 260 256 64
566 206 806 264 QUINTI
845 205 1080 253 CURTII
1113 205 1276 254 RUFI

195 344 437 390 Persarum
458 342 635 404 imperii
654 341 764 388 deos
782 341 960 388 debitas
975 357 1002 388 a
1023 341 1297 389 vecordibus
1318 356 1488 404 poenas
1511 344 1646 392 zNec

192 413 339 472 ipsum
364 410 529 455 ducem
553 409 780 456 saniorem
806 424 904 455 esse
928 426 939 464 ;
978 408 1148 470 quippe
1169 409 1266 457 ritu
1286 408 1489 456 ferarum
1510 426 1643 473 prae·

193 479 297 523 dam
333 477 485 534 modo,
523 492 661 538 quam
696 482 948 539 expeteret,
985 477 1264 536 intuentem,
1295 476 1346 523 in
1383 477 1648 538 perniciem,

192 560 307 606 quae
322 549 431 591 ante
453 543 668 606 praedam
688 544 839 606 posita
861 548 993 600 esset,
1019 542 1267 592 incurrere.
1337 543 1507 591 Similis
1522 546 1647 607 apud

192 611 471 658 Macedones
496 625 677 674 quoque
700 610 964 658 sollicitudo
987 616 1111 658 erat:
1136 617 1427 673 noctemque,
1444 611 1575 660 velut
1596 613 1647 659 in

194 695 293 725 eam
329 679 579 726 certamine
614 678 780 736 edict0,
817 684 946 726 metu
979 683 1192 740 egerunt.
1261 676 1532 726 Alexander
1553 694 1649 726 non

191 747 301 793 alias
326 746 473 808 magis
497 746 702 803 territus,
757 745 816 792 ad
835 751 946 794 vota
968 751 1015 793 et
1038 761 1197 808 preces
1214 743 1546 795 Aristandrum
1567 762 1648 794 vo-

188 814 282 859 cari
309 814 458 875 jubet.
530 813 616 860 Ille
649 813 699 859 in
723 812 922 860 candida
944 822 1086 871 veste,
1110 813 1334 861 verbenas
1357 829 1495 860 manu
1512 829 1645 876 prae-

192 881 356 937 ferens,
383 881 534 943 capite
556 880 709 928 velato
731 881 942 943 praeibat
965 895 1123 942 preces
1145 881 1260 943 regi,
1284 880 1316 928 J
1320 896 1447 928 ovem
1475 881 1649 928 Miner-

192 964 294 994 vam
318 948 673 1009 Victoriamque
707 947 992 1010 propitianti.
1063 948 1199 995 Tunc
1222 948 1407 1009 quidem
1429 948 1653 996 sacrificio

196 1016 284 1062 rite
300 1022 582 1079 perpetrato,
606 1015 833 1077 reliquum
867 1015 1015 1063 noctis
1040 1015 1342 1078 adquieturus
1362 1015 1414 1062 in
1436 1016 1651 1064 taberna·

193 1084 347 1129 culum
363 1083 515 1130 rediit.
581 1082 674 1130 Sed
689 1099 776 1130 nec
800 1098 1012 1130 somnum
1035 1099 1198 1146 capere
1220 1098 1308 1130 nec
1329 1083 1532 1145 quietem
1553 1084 1650 1146 pati

195 1155 393 1210 poterat.
461 1149 606 1196 Modo
629 1166 655 1196 e
670 1149 790 1211 jugo
812 1150 985 1197 montis
1008 1151 1150 1197 aciem
1174 1150 1225 1197 in
1247 1150 1463 1197 dextrum
1487 1150 1649 1197 Persa·

194 1232 294 1263 rum
328 1233 473 1264 cornu
509 1216 753 1264 demittere
787 1217 1009 1278 agitabat,
1045 1217 1184 1264 modo
1207 1222 1335 1265 recta
1355 1217 1509 1265 fronte
1541 1232 1653 1264 con-

195 1299 327 1330 curre
348 1284 501 1331 hosti:
537 1284 775 1331 interdum
809 1284 1053 1343 haesitare,
1099 1299 1159 1331 an
1192 1283 1348 1347 potius
1380 1284 1431 1330 in
1469 1284 1651 1331 laevum

195 1357 432 1413 torqueret
466 1367 650 1412 agmen.
721 1351 931 1398 Tandem
965 1357 1209 1412 gravatum
1242 1351 1382 1398 animi
1416 1351 1654 1400 anxietate

197 1435 363 1480 corpus
387 1418 524 1466 altior
547 1434 735 1465 somnus
758 1418 1001 1480 oppressit.

259 1485 340 1531 LI.
377 1485 577 1547 Jamque
610 1485 714 1532 luce
749 1493 852 1533 orta
885 1485 1026 1532 duces
1060 1484 1121 1531 ad
1155 1485 1425 1547 accipienda
1460 1484 1653 1547 imperia

196 1559 524 1610 convenerant,
560 1552 747 1599 insolito
783 1553 903 1599 circa
923 1552 1206 1614 praetorium
1238 1552 1422 1599 silentio
1445 1551 1653 1599 attoniti.

198 1620 383 1682 Quippe
401 1619 513 1666 alias
528 1634 755 1666 arcessere
778 1619 915 1682 ipsos,
943 1625 991 1666 et
1013 1619 1248 1667 interdum
1270 1625 1503 1666 morantes
1518 1619 1654 1666 casti·

196 1703 307 1748 gare
329 1692 619 1734 assueverat:
655 1692 768 1734 tunc
801 1702 860 1733 ne
884 1686 1048 1733 ultimo
1094 1686 1282 1748 quidem
1314 1701 1471 1732 rerum
1493 1685 1653 1732 discri-

195 1754 317 1800 mine
340 1754 591 1801 excitatum
615 1769 713 1800 esse
745 1753 1034 1801 mirabantur
1058 1768 1069 1808 ;
1105 1758 1153 1800 et
1186 1768 1283 1799 non
1306 1768 1467 1800 somno
1500 1752 1652 1815 quies-

198 1837 312 1878 cere,
339 1821 420 1868 sed
453 1836 622 1882 pavore
656 1836 859 1867 marcere
882 1820 1150 1868 credebant.
1216 1820 1329 1866 Non
1350 1826 1506 1867 tamen
1530 1819 1653 1882 quis-

199 1903 334 1948 quam
370 1904 394 1935 e
429 1888 697 1936 custodibus
721 1888 925 1950 corporis
946 1887 1121 1935 intrare
1137 1887 1486 1934 tabernaculum
1509 1886 1654 1933 aude-

202 1958 281 2003 bat
303 1973 312 2002 :
334 1962 381 2003 et
391 1954 490 2016 jam
509 1963 690 2017 tempus
708 1955 913 2002 instabat
935 1971 947 2010 ;
967 1969 1053 2000 nec
1076 1953 1206 2000 miles
1227 1953 1406 2014 injussu
1423 1952 1554 2000 ducis
1571 1960 1653 2001 aut

203 2038 328 2068 arma
351 2038 513 2084 capere
535 2028 732 2084 poterat,
751 2029 832 2069 aut
853 2022 903 2067 in
926 2020 1112 2067 ordines
1135 2019 1216 2067 ire.
1287 2019 1386 2066 Diu
1409 2017 1653 2066 Parmenio

201 2095 457 2146 cunctatuS,
484 2089 636 2135 cibum
654 2094 707 2136 ut
725 2093 953 2150 caperent,
978 2087 1077 2150 ipse
1093 2087 1387 2149 pronunciat.
1454 2086 1654 2149 Jamque

202 2157 330 2202 exire
363 2171 546 2202 necesse
571 2162 699 2203 erat:
738 2162 850 2203 tunc
874 2154 1059 2201 demum
1093 2154 1239 2202 intrat
1271 2154 1653 2210 tabernaculum;

202 2223 473 2286 saepiusque
495 2222 681 2269 nomine
704 2222 1042 2284 compellatum,
1069 2237 1212 2284 quum
1234 2236 1347 2269 voce
1368 2236 1463 2268 non
1486 2226 1654 2283 posset,

201 2296 331 2338 tactu
352 2290 588 2338 excitavit.
657 2292 670 2316 ‘
687 2289 840 2337 Multa
862 2288 975 2347 lux,'
1007 2289 1172 2350 inquit,
1207 2292 1221 2317 ‘
1238 2293 1344 2345 est3
1379 2288 1653 2336 instructam

206 2358 348 2404 aciem
370 2357 514 2406 hostis
532 2357 765 2404 admovit:
792 2362 902 2404 tuus
924 2356 1055 2403 miles
1079 2356 1231 2404 adhuc
1253 2355 1441 2404 inermis
1466 2369 1651 2417 exspec-

204 2431 273 2472 tat
294 2425 549 2488 imperium.
620 2424 717 2471 Ubi
734 2428 804 2472 est
826 2424 958 2486 vigor
980 2424 1060 2471 ille
1082 2424 1225 2470 animi
1246 2422 1318 2470 tui
1334 2422 1360 2470 ⁶?
1392 2436 1559 2484 nempe
1575 2435 1655 2467 ex-

204 2492 345 2539 citare
379 2492 540 2553 vigiles
575 2489 723 2539 soles.'
788 2490 863 2537 Ad
900 2492 1012 2538 haec
1046 2489 1347 2546 Alexander;
1385 2492 1399 2514 ‘
1417 2487 1655 2545 Credisne,

209 2574 276 2604 me
315 2560 442 2619 prius
487 2575 697 2606 somnum
734 2574 897 2621 capere
929 2558 1148 2620 potuisse,
1184 2572 1318 2618 quam
1351 2569 1650 2602 exonerarem

208 2625 409 2671 animum
444 2626 769 2682 sollicitudine,
817 2640 933 2685 quae
967 2626 1167 2685 quietem
1200 2622 1466 2670 morabatur
1488 2619 1526 2668 ?’
1559 2621 1651 2684 sig-

207 2706 406 2750 numque
433 2690 664 2756 [pugnae]
691 2693 805 2740 tuba
827 2693 927 2738 dari
943 2691 1100 2754 jussit.
1169 2690 1232 2738 Et
1254 2703 1395 2752 quum
1417 2687 1468 2734 in
1491 2688 1652 2736 eadem

203 2759 504 2804 admiratione
529 2759 777 2806 Parmenio
799 2764 1114 2821 perseveraret
1139 2756 1290 2823 [quod
1313 2769 1502 2802 securus
1525 2770 1649 2802 som-

201 2841 309 2870 num
342 2825 535 2886 cepisset
555 2824 591 2889 3]
644 2830 656 2852 ‘
675 2824 899 2884 Minime,'
932 2825 1100 2886 inquit,
1149 2829 1162 2849 ‘
1177 2823 1343 2870 mirum
1390 2828 1476 2870 est.
1545 2821 1650 2883 Ego

203 2892 338 2948 enim,
364 2907 506 2953 quum
541 2891 713 2940 Darius
746 2899 893 2941 terras
928 2900 1098 2949 ureret,
1132 2890 1256 2938 vicos
1289 2889 1534 2947 excideret,
1569 2887 1652 2935 ali-

207 2966 363 3006 menta
397 2965 723 3020 corrumperet,
759 2965 924 3023 potens
955 2957 1046 3006 mei
1077 2972 1173 3004 non
1195 2971 1349 3003 eram:
1385 2970 1511 3009 nunc
1543 2969 1655 3002 vero

205 3025 318 3086 quid
351 3031 565 3084 metuam,
601 3039 742 3085 quum
777 3027 873 3074 acie
905 3026 1152 3073 decernere
1185 3028 1318 3086 paret
1334 3022 1359 3070 t>
1446 3020 1654 3070 Hercule
