1721 3200
552 147 758 197 LIBER
793 146 1140 206 QUARTUS.
1509 155 1566 202 01

112 284 453 351 quinquaginta
506 284 662 333 falcati
715 298 877 332 currus
933 284 1279 348 sequebantur:
1336 289 1570 350 proximus

114 352 353 417 quadrigis
374 358 474 401 erat
498 351 682 411 Bessus,
718 368 822 399 eum
845 358 952 401 oeto
985 351 1188 400 millibus
1221 354 1425 416 equitum
1458 355 1567 404 item

117 418 388 472 Bactrianis.
459 420 748 482 Massagetae
792 420 976 467 duobus
1020 419 1222 469 millibus
1266 438 1435 484 agmen
1469 423 1569 486 ejus

111 488 407 538 claudebant.
475 486 659 536 Pedites
692 486 763 534 his
786 487 987 550 plurium
1008 489 1219 550 gentium
1252 505 1348 537 non
1382 491 1566 547 mixtas,

114 556 197 604 sed
228 571 339 606 auae
383 555 575 620 quisque
613 555 816 603 nationis
854 555 1110 619 junxerant
1144 557 1314 619 copias.
1409 558 1571 607 Persas

110 624 285 673 deinde
305 639 411 673 cum
435 623 612 671 Mardis
636 622 974 686 Sogdianisque
1008 622 1350 672 Ariobarzanes
1373 634 1422 674 et
1448 626 1567 674 Oro·

44 731 49 741 .
113 693 243 743 babes
260 691 510 741 ducebant.
555 690 628 738 Illi
651 691 859 753 partibus
881 690 1131 754 copiarum,
1157 708 1362 740 summae
1378 694 1566 742 Orsines

111 765 319 822 praeerat
342 776 370 807 a
391 766 566 822 septem
609 758 760 806 Persis
799 758 1037 816 oriundus,
1072 759 1133 806 ad
1175 758 1350 823 Cyrum
1384 778 1566 824 quoquc

111 826 443 875 nobilissimum
475 842 632 888 regem
664 826 890 889 originem
925 829 995 873 sui
1029 827 1245 875 referens.
1317 826 1418 876 Hos
1452 830 1568 878 aliae

106 902 286 957 gentes,
311 911 370 943 ne
392 894 526 942 sociis
544 893 727 957 quidem
746 894 856 941 satis
879 900 1032 952 notae,
1058 896 1384 956 sequebantur.
1458 897 1566 946 Post

104 977 222 1025 quas
253 962 588 1024 quinquaginta
610 962 856 1023 quadrigas
892 961 1148 1010 Phradates
1171 979 1342 1025 magno
1379 965 1565 1028 Caspia-

107 1044 272 1076 norum
288 1030 474 1092 agmine
497 1030 817 1077 antecedebat.
887 1029 1008 1085 Indi,
1025 1031 1260 1093 ceterique
1276 1032 1404 1079 rubri
1430 1035 1565 1081 maris

105 1095 309 1155 adcolae,
331 1098 519 1144 nomina
542 1097 692 1146 verius
714 1111 851 1158 quam
886 1097 1071 1154 auxilia,
1095 1108 1201 1161 post
1224 1114 1385 1154 currus
1410 1110 1559 1150 erant.

105 1161 425 1212 Claudebatur
447 1165 536 1212 hoc
553 1180 718 1226 agmen
755 1164 856 1211 aliis
889 1164 1067 1212 falcatis
1102 1166 1313 1213 curribus
1335 1168 1559 1230 quinqua-

106 1230 265 1293 ginta:
313 1232 443 1295 queis
476 1233 772 1296 peregrinum
809 1231 1003 1280 militem
1039 1232 1333 1295 adjunxerat.
1421 1235 1562 1284 Hunc

106 1298 332 1358 Armenii,
368 1315 483 1363 quos
537 1301 737 1346 minores
781 1306 963 1358 vocant,
1011 1301 1260 1349 Armenios
1296 1301 1559 1366 Babylonii,

105 1374 323 1429 utrosque
348 1367 540 1424 Belitae,
567 1375 614 1415 et
648 1367 727 1429 qui
751 1375 931 1415 montes
955 1366 1258 1415 Cossaeorum
1280 1369 1560 1428 incolebant,

104 1436 426 1496 sequebantur.
500 1435 613 1483 Post
645 1435 728 1481 hos
763 1436 895 1483 ibant
931 1434 1154 1492 Gortuae,
1191 1437 1339 1496 gentis
1373 1439 1556 1499 quidem

107 1500 353 1560 Euboicae,
392 1502 558 1550 Medos
590 1503 821 1564 quendam
845 1503 1026 1559 secuti3
1062 1503 1143 1550 sed
1168 1502 1267 1564 jam
1291 1504 1558 1566 degeneres.

103 1577 152 1616 et
194 1571 333 1632 patrii
378 1571 517 1618 moris
549 1570 716 1632 ignari.
807 1569 1111 1632 Applieuerat
1143 1570 1213 1618 his
1261 1570 1473 1635 Phrygas
1516 1589 1560 1622 et

107 1635 352 1686 Cataonas.
422 1636 701 1685 Parthorum
727 1638 896 1685 deinde
919 1654 1046 1699 gens,
1084 1638 1386 1686 incolentium
1413 1650 1557 1689 terras

99 1719 218 1765 quas
250 1719 374 1750 nune
410 1704 571 1753 Parthi
607 1704 799 1766 Scythia
832 1706 1025 1767 profecti
1069 1713 1245 1763 tenent,
1282 1707 1559 1758 claudebant

102 1786 288 1832 agmen.
356 1771 490 1819 Haec
507 1772 680 1820 sinistri
704 1788 849 1819 cornu
872 1773 991 1820 acies
1014 1773 1116 1821 fuit.

171 1837 374 1886 XLVH.
411 1839 640 1887 Dextrum
689 1840 877 1888 tenebat
911 1841 1038 1888 natio
1074 1842 1258 1903 majoris
1294 1843 1555 1903 Armeniae,

97 1903 396 1967 Cadusiique,
423 1907 734 1971 Cappadoces,
760 1915 807 1955 et
832 1907 952 1970 Syri,
988 1916 1036 1956 et
1059 1907 1189 1956 Medi
1214 1926 1225 1957 :
1261 1909 1333 1958 his
1371 1927 1554 1974 quoque

102 1971 256 2022 falcati
288 1990 448 2022 currus
471 1983 603 2023 erant
627 1975 977 2038 quinquaginta.
1049 1975 1238 2024 Summa
1261 1978 1404 2026 totius
1427 1995 1555 2028 exer-

100 2039 235 2097 citus,
281 2041 460 2104 equites
504 2043 812 2106 quadraginta
857 2043 1059 2106 quinque
1104 2044 1281 2093 millia:
1330 2046 1555 2109 pedestris

103 2107 223 2154 acies
244 2106 447 2158 ducenta
492 2110 634 2157 millia
677 2111 958 2174 expleverat.
1028 2110 1135 2159 Hoc
1169 2113 1306 2160 modo
1341 2114 1553 2163 instructi

102 2173 262 2222 decem
314 2176 464 2224 stadia
495 2177 789 2239 procedunt:
839 2178 1049 2242 jussique
1095 2181 1357 2237 subsistere,
1391 2184 1554 2230 armati

103 2241 279 2290 hostem
304 2245 628 2305 expectabant.
697 2245 954 2293 Alexandri
974 2248 1224 2295 exereitum
1245 2264 1400 2312 pavor,
1427 2249 1555 2311 eujus

101 2325 239 2357 causa
271 2326 366 2357 non
398 2312 598 2368 suberat,
633 2311 828 2361 invasit:
861 2314 1027 2377 quippe
1061 2314 1287 2377 lymphati
1322 2316 1552 2378 trepidare

99 2385 367 2439 coeperunt,
403 2380 606 2426 omnium
643 2388 829 2442 pectora
861 2382 1042 2430 occulto
1077 2393 1202 2430 metu
1240 2398 1554 2445 percurrente.

103 2443 232 2492 Coeli
250 2445 418 2507 fulgor,
442 2451 648 2509 tempore
670 2449 845 2497 aestivo
868 2449 1049 2497 ardenti
1067 2449 1224 2497 similis
1259 2450 1547 2510 internitens,

101 2511 223 2574 ignis
257 2513 469 2576 praebuit
502 2514 727 2577 speeiem:
786 2515 1081 2578 flammasque
1125 2532 1181 2563 ex
1218 2516 1353 2564 Darii
1386 2521 1548 2568 eastris

103 2578 358 2642 splendere,
410 2581 537 2629 velut
581 2582 697 2629 illati
754 2590 925 2631 temere
970 2584 1220 2646 praesidiis,
1279 2585 1546 2635 eredebant.

103 2645 245 2705 Quod
267 2649 305 2696 si
329 2649 548 2712 perculsis
585 2650 811 2708 Mazaeus,
836 2651 914 2712 qui
948 2651 1241 2713 praesidebat
1272 2652 1440 2709 itineri,
1478 2673 1551 2700 su-

102 2716 397 2773 pervenisset,
419 2716 584 2778 ingens
606 2716 759 2764 clades
781 2719 923 2781 aeeipi
946 2719 1100 2781 potuit
1123 2736 1134 2766 t
1158 2719 1236 2767 ille
1249 2720 1404 2782 segnis
1427 2722 1474 2768 in
1498 2739 1551 2768 eo

102 2794 237 2841 quem
257 2793 561 2847 occupaverat
585 2785 764 2832 tumulo
787 2785 930 2842 sedet,
955 2793 1203 2835 contentus
1235 2803 1331 2835 non
1366 2789 1543 2835 lacessi.

105 2845 384 2909 Alexander,
407 2851 596 2914 cognito
629 2868 798 2915 pavore
820 2853 1063 2909 exereitus,
1082 2854 1266 2917 signum
1290 2863 1344 2902 ut
1377 2856 1548 2901 consis-

105 2920 256 2964 terent
275 2917 390 2975 dari,
415 2918 538 2982 ipsos
560 2935 687 2966 arma
710 2919 941 2983 deponere
974 2936 1028 2968 ac
1051 2921 1201 2970 levare
1234 2938 1440 2985 corpora,
1469 2923 1547 2984 jii-

102 2982 218 3029 bet:
270 2983 537 3044 admonens,
574 2986 742 3035 nullam
789 2987 929 3037 subiti
973 3004 1155 3037 causam
1203 3006 1300 3037 esse
1335 2990 1550 3045 timoris3

800 3071 834 3117 F
