1721 3200
1573 118 1599 135 *V

593 132 801 182 LIBER
838 133 1149 182 TERTIUS.
1580 140 1591 168 ⁴

124 272 440 336 nequidquam
465 270 737 319 confitebor.
808 269 903 317 Hic
925 271 1050 319 tanti
1073 269 1325 333 apparatus
1349 267 1599 322 exercitus,

124 341 238 388 haec
269 346 343 390 tot
376 338 589 402 gentium
621 345 671 387 et
703 336 851 387 totius
885 338 1078 385 orientis
1111 337 1264 386 excita
1297 337 1486 385 sedibus
1508 335 1604 382 suis

126 408 284 466 moles,
309 406 520 455 finitimis
541 412 698 470 potest
730 421 830 452 esse
865 406 1087 454 terribilis
1112 423 1123 461 ;
1152 406 1272 454 nitet
1294 421 1504 469 purpura
1519 419 1602 450 au-

123 491 282 539 roque,
303 475 453 538 fulget
471 475 608 521 armis
632 481 680 522 et
698 474 952 537 opulentia,
971 481 1209 536 quantam,
1231 475 1311 536 qui
1335 475 1483 521 oculis
1506 487 1601 521 non

122 543 375 606 subjecere,
402 542 567 590 animis
591 542 835 605 concipere
858 557 955 588 non
980 549 1195 604 possunt.
1266 543 1359 589 Sed
1380 543 1601 590 Macedo-

121 628 235 659 num
260 611 393 664 acies,
431 616 566 657 torva
600 626 711 658 sane
745 616 793 657 et
826 610 1020 667 inculta,
1055 610 1231 673 clypeis
1253 610 1492 673 hastisque
1514 612 1601 660 im·

124 680 316 726 mobiles
340 693 513 726 cuneos
536 684 582 724 et
606 677 816 725 conferta
849 678 1018 725 robora
1054 679 1259 725 virorum
1296 680 1433 738 tegit.
1506 679 1600 743 Ipsi

115 747 389 811 pbalanyem
414 755 585 793 vocant
628 746 841 808 peditum
887 746 1054 793 stabile
1100 762 1284 808 agmen.
1353 746 1439 793 Vir
1484 749 1598 798 viro,

120 815 259 862 armis
282 830 412 862 arma
433 820 649 862 conserta
683 821 794 862 sunt
819 831 829 860 :
867 814 927 860 ad
951 820 1120 861 nutum
1143 815 1379 862 monentis
1411 816 1599 873 intenti,

121 882 252 945 sequi
275 883 424 945 signa,
450 881 638 928 ordines
661 897 845 929 servare
878 881 1097 929 didicere.
1168 882 1312 940 Quod
1346 884 1601 946 imperatur

120 966 282 998 omnes
327 950 623 997 exaudiunt:
662 951 903 1006 obsistere,
946 950 1206 1004 circumire,
1253 951 1516 1000 discurrere
1551 954 1598 1001 in

120 1033 282 1075 cornu,
309 1026 491 1066 mutare
515 1033 737 1080 pugnam,
774 1033 870 1064 non
895 1017 1038 1065 duces
1072 1019 1221 1080 magis
1256 1035 1394 1081 quam
1430 1021 1602 1070 milites

111 1084 304 1133 callent.
378 1085 442 1132 Et
465 1101 525 1132 ne
548 1085 649 1131 auri
673 1085 951 1148 argentique
974 1085 1133 1134 studio
1167 1087 1317 1134 teneri
1341 1095 1493 1151 putes,
1518 1093 1601 1138 ad-

117 1152 209 1200 huc
229 1153 311 1200 illa
333 1153 594 1215 disciplina,
619 1160 898 1216 paupertate
922 1155 1160 1216 magistra,
1187 1155 1320 1203 stetit
1345 1173 1355 1203 ε
1393 1158 1601 1220 fatigatis

116 1219 286 1268 humus
309 1221 464 1268 cubile
488 1228 558 1269 est
584 1238 594 1274 ;
621 1222 754 1268 cibus
770 1237 909 1284 quem
934 1231 1167 1285 occupant
1191 1224 1332 1271 satiat
1352 1241 1362 1280 ;
1390 1232 1602 1289 tempora

117 1289 267 1336 somni
291 1289 492 1337 arctiora
515 1305 655 1351 quam
680 1291 832 1338 noctis
857 1296 997 1339 sunt..
1066 1290 1177 1338 Jam
1194 1291 1406 1340 Thessali
1420 1295 1601 1357 equites

114 1362 164 1403 et
208 1356 482 1404 Acarnanes
528 1357 795 1420 Aetolique,
829 1358 1004 1406 invicta
1039 1359 1163 1406 bello
1197 1375 1378 1416 manus,
1425 1362 1597 1421 fundis,

114 1424 271 1483 credo,
297 1432 345 1473 et
368 1425 515 1473 hastis
538 1425 651 1487 igne
685 1426 866 1474 duratis
899 1427 1216 1489 repellentur!
1272 1428 1398 1477 Pari
1433 1432 1602 1478 robore

115 1508 235 1556 opus
259 1499 343 1540 est.
419 1493 475 1539 In
510 1493 591 1540 illa
614 1501 754 1551 terra,
792 1511 913 1556 quae
935 1494 1021 1542 hos
1044 1495 1225 1557 genuit,
1252 1498 1425 1544 auxilia
1459 1516 1600 1561 quae·

114 1560 263 1607 tenda
286 1568 411 1608 sunt.
480 1562 742 1622 Argentum
757 1562 886 1610 istud
903 1569 1045 1625 atque
1064 1579 1229 1610 aurum
1253 1565 1312 1611 ad
1332 1566 1597 1614 conducen-

113 1626 229 1674 dum
262 1627 458 1675 militem
482 1628 647 1691 mitte„
673 1628 790 1678 Erat
825 1630 976 1677 Dario
1011 1631 1124 1678 mite
1159 1647 1212 1678 ac
1245 1635 1493 1682 tractabile
1527 1637 1597 1682 in·

114 1694 322 1756 genium,
350 1696 439 1743 nisi
474 1703 690 1744 naturam
726 1697 1003 1760 plerumque
1036 1699 1229 1747 fortuna
1261 1713 1597 1766 corrumperet.

115 1761 283 1824 Itaque
306 1764 517 1811 veritatis
539 1763 803 1826 impatiens,
841 1766 1072 1829 hospitem
1097 1783 1152 1815 ac
1185 1769 1459 1832 supplicem,
1484 1780 1598 1820 tunc

113 1830 315 1878 maxime
357 1832 493 1878 utilia
528 1833 820 1889 suadentem,
870 1835 1079 1882 abstrahi
1114 1834 1259 1897 jussit
1303 1838 1366 1885 ad
1399 1841 1600 1903 capitale

113 1898 409 1961 supplicium.
525 1899 627 1952 Ille,
666 1916 725 1947 nc
762 1909 863 1949 tum
899 1902 1088 1964 quidem
1130 1904 1360 1953 libertatis
1405 1908 1596 1966 oblitus,

112 1969 125 1989 ‘
145 1963 346 2024 Habeo,’
367 1967 535 2030 inquit,
565 1973 811 2030 ‘paratum
836 1971 1002 2018 mortis
1025 1987 1155 2018 meae
1191 1973 1391 2021 ultorem
1418 1993 1429 2023 ε
1455 1991 1596 2039 expe-

111 2038 184 2079 tet
206 2047 379 2095 poenas
413 2035 721 2084 mei-consilii
752 2039 895 2100 spreti
930 2039 969 2085 is
1004 2039 1103 2101 ipse
1136 2048 1301 2089 contra
1337 2059 1476 2106 quem
1509 2046 1598 2095 tibi

109 2100 249 2148 suasi.
319 2101 394 2149 Tu
417 2103 621 2165 quidem,
657 2105 846 2154 licentia
880 2107 1015 2169 regni
1049 2114 1143 2155 tam
1181 2110 1338 2158 subito
1372 2119 1595 2170 mutatus,

109 2167 446 2217 documentum
480 2171 571 2218 eris
605 2174 819 2235 posteris,
855 2174 1082 2233 homines,
1120 2193 1226 2224 cum
1261 2194 1311 2225 se
1344 2181 1596 2241 permisere

112 2235 343 2293 fortunae,
370 2237 509 2285 etiam
533 2246 750 2288 naturam
773 2242 1044 2290 dediscere)
1090 2243 1222 2292 Haec
1246 2247 1593 2302 vociferantem.

113 2304 284 2367 quibus
319 2312 421 2352 erat
452 2305 745 2370 imperatum,
774 2309 1016 2373 jugulant.
1089 2313 1204 2360 Sera
1226 2314 1399 2361 deinde
1431 2318 1594 2378 poeni-

112 2372 263 2420 tentia
297 2373 440 2421 subiit
474 2389 662 2436 regem;
699 2392 753 2424 ac
788 2394 898 2426 vera
920 2379 1094 2428 dixisse
1129 2382 1366 2429 confessus
1390 2399 1497 2432 eum
1521 2402 1592 2434 se·

94 2468 106 2479 ·
188 2439 248 2488 iri
276 2439 421 2488 'ussit

111 2439 334 2557 pelVLJ3.
354 2508 624 2572 Thymodes
646 2519 748 2559 erat
771 2513 1003 2562 Mentoris
1019 2516 1156 2573 filius,
1176 2517 1376 2581 impiger
1385 2520 1590 2583 juvenis,

107 2576 184 2622 cui
208 2586 482 2641 praoeptum
517 2586 588 2626 est
622 2594 650 2626 a
672 2595 784 2641 rege
817 2587 871 2630 ut
904 2599 1064 2630 omnes
1099 2586 1371 2647 peregrinos
1404 2589 1588 2649 milites,

108 2642 159 2690 in
183 2644 314 2707 queis
336 2646 590 2708 plurimum
607 2646 811 2696 habebat
832 2650 944 2713 spei,
965 2667 993 2698 a
1018 2651 1320 2702 Pharnabazo
1343 2658 1589 2720 acciperet,

33 2774 40 2779 ἠ
109 2725 251 2774 opera
293 2728 454 2761 eorum
490 2730 659 2763 usurus
692 2715 741 2762 in
767 2716 902 2765 bello.
976 2720 1069 2782 Ipsi
1106 2720 1410 2772 Pharnabazo
1444 2726 1590 2775 tradit

107 2776 357 2843 inperium
391 2783 518 2845 quod
553 2789 665 2832 ante
699 2783 943 2834 Memnoni
988 2786 1197 2838 dederat.
1283 2792 1492 2841 Anxium
1527 2794 1587 2842 de

107 2843 391 2920 {mutibus
436 2851 560 2899 curis
593 2851 838 2915 agitabant
860 2855 1001 2903 etiam
1034 2871 1118 2920 per
1163 2873 1377 2908 somnum
1411 2862 1588 2923 species

111 2912 450 2966 mminentium
473 2933 662 2968 rerum:
701 2920 799 2968 sive
821 2921 925 2971 illas
948 2924 1214 2988 aegritudO,
1234 2928 1331 2975 sive
1354 2928 1584 2978 divinatio

110 2977 255 3028 animi
282 2985 622 3048 praesagientis
645 2988 857 3039 accersit.
928 2990 1096 3043 castra
1118 2993 1378 3043 Alexandri
1411 3010 1585 3060 magno
