1721 3200
194 173 257 219 32
636 172 843 220 LIBER
880 172 1218 231 QUARTUS.

195 308 373 357 steriles
397 308 562 354 herbas
586 307 762 368 eligens
784 307 1138 370 Abdalonymus
1160 307 1452 369 repurgabat.
1520 307 1654 356 Tunc

194 393 297 440 τερα
320 391 375 422 eo
408 375 624 432 salutato,
654 375 772 422 alter
805 390 863 420 ex
897 374 967 421 his
993 392 1004 422 :
1044 375 1313 431 ‘Habitus‚’
1345 374 1510 436 inquit,
1548 373 1655 423 ‘hie'

195 459 331 505 quem
354 442 503 488 cernis
526 442 576 487 in
601 442 713 488 meis
737 442 949 488 manibus
973 457 1077 488 cum
1101 442 1191 489 isto
1226 441 1435 502 squalore
1467 455 1653 504 permu-

194 511 365 558 tandus
387 509 473 554 tibi
498 519 568 556 est
593 526 602 555 :
640 509 776 554 ablue
798 524 963 570 corpus
995 508 1154 554 illuvie
1187 508 1475 570 aeternisque
1507 508 1656 556 sordi-

194 579 279 623 bus
303 576 559 636 squalidum
579 592 589 622 :
616 591 728 637 cape
749 575 872 636 regis
896 576 1117 632 animum,
1138 581 1185 622 et
1207 575 1256 621 in
1279 590 1379 622 eam
1403 575 1654 634 fortunam,

196 659 283 705 qua
319 645 489 704 dignus
523 659 584 699 es,
621 644 757 690 istam
791 643 1125 690 continentiam
1161 643 1350 703 profer;
1388 649 1436 690 et
1469 657 1572 690 cum
1603 642 1654 690 in

198 711 340 773 regali
391 710 506 757 solio
556 710 791 765 residebis,
842 710 964 756 vitae
997 710 1210 769 necisque
1245 710 1452 757 omnium
1486 709 1653 757 civium

198 779 428 834 dominus,
465 793 575 823 cave
611 776 893 823 obliviscaris
926 776 1062 837 hujus
1097 777 1258 835 statiis,
1284 777 1334 822 in
1367 791 1456 837 quo
1490 776 1658 838 accipis

198 860 392 907 regnum
416 862 425 891 :
462 845 606 889 immo
623 843 821 898 hercule,
841 851 1033 905 propter
1049 842 1215 903 quem.’
1284 843 1475 891 Somnio
1498 843 1659 891 similis

198 930 270 959 res
316 911 647 972 Abdalonymo
691 910 949 957 videbatur.
1042 910 1298 968 Interdum,
1346 913 1518 958 satisne
1559 911 1661 957 sani

198 987 366 1035 essent,
392 979 469 1039 qui
502 988 599 1025 tam
632 984 846 1038 proterve
879 977 966 1023 sibi
998 977 1260 1035 illuderent,
1284 978 1661 1040 percontabatur.

203 1048 296 1095 Sed
320 1055 371 1093 ut
405 1045 646 1092 cunctanti
680 1044 863 1104 squalor
897 1044 1082 1091 ablutus
1117 1051 1200 1102 est,
1238 1052 1286 1092 et
1317 1045 1489 1106 injecta
1520 1044 1661 1093 vestis

200 1129 403 1176 purpura
427 1127 629 1172 auroque
652 1111 886 1165 distincta,
924 1117 972 1158 et
1003 1111 1119 1158 fides
1153 1127 1180 1158 a
1206 1111 1473 1173 jurantibus
1505 1111 1657 1166 facta;

202 1182 320 1228 serio
338 1181 434 1241 jam
461 1195 558 1234 rex,
584 1179 747 1225 iisdem
773 1178 1114 1235 comitantibus,
1139 1178 1190 1224 in
1223 1179 1400 1239 regiam
1433 1179 1660 1241 pervenit.

205 1249 361 1303 Fama,
400 1255 451 1294 ut
486 1247 617 1301 solet,
656 1251 842 1292 strenue
874 1253 975 1292 tota
1008 1246 1122 1292 urbe
1166 1245 1418 1293 discurrit:
1466 1245 1661 1292 aliorum

204 1316 423 1370 studium,
443 1314 635 1360 aliorum
659 1312 913 1372 indignatio
937 1312 1184 1359 eminebat.
1254 1312 1524 1359 Ditissimus
1541 1313 1664 1374 quis-

203 1399 289 1442 que
323 1381 632 1427 humilitatem
666 1379 960 1441 inopiamque
1005 1379 1102 1440 ejus
1147 1379 1271 1441 apud
1311 1380 1481 1426 amicos
1517 1379 1662 1426 Alex-

203 1449 338 1496 andri
372 1447 716 1495 criminabatur.
787 1446 990 1492 Admitti
1025 1461 1126 1492 eum
1164 1462 1246 1492 rex
1269 1447 1481 1508 protinus
1506 1446 1660 1508 jussit,

204 1518 373 1577 diuque
397 1514 750 1576 contemplatus,
780 1518 790 1538 ‘
812 1513 1061 1574 Corporis,’
1085 1513 1249 1573 inquit,
1278 1518 1289 1538 ‘
1308 1513 1493 1561 habitus
1514 1513 1665 1561 famae

203 1584 386 1645 generis
409 1598 505 1628 non
528 1588 760 1642 repugnat
780 1597 789 1627 :
828 1580 908 1626 sed
933 1580 1047 1626 libet
1072 1580 1200 1636 scire,
1234 1580 1439 1642 inopiam
1461 1595 1552 1640 qua
1583 1595 1664 1642 pa-

204 1651 371 1698 tientia
406 1648 597 1696 tuleris?
682 1647 802 1693 Turn
838 1647 928 1703 ille,
969 1652 980 1671 ‘
1003 1646 1226 1704 Utinam,’
1260 1647 1424 1708 inquit,
1461 1652 1474 1672 ‘
1499 1647 1663 1694 eodem

207 1719 361 1764 animo
384 1731 578 1777 regnum
604 1715 703 1777 pati
725 1716 912 1776 possim.
982 1713 1089 1760 Hae
1115 1729 1276 1760 manus
1303 1715 1523 1760 suffecere
1545 1713 1669 1760 desi-

206 1787 335 1832 derio
372 1799 509 1829 meo:
548 1783 662 1828 nihil
697 1783 853 1828 aventi
886 1780 1001 1826 nihil
1034 1780 1212 1828 defuit?
1279 1781 1482 1842 Magnae
1499 1780 1670 1826 indolis

207 1852 439 1914 specimen
475 1866 533 1895 ex
566 1850 653 1895 hoc
694 1863 905 1895 sermone
938 1847 1254 1909 Abdalonymi
1298 1848 1434 1909 cepit.
1505 1847 1668 1907 Itaque

207 1936 303 1967 non
328 1917 559 1966 Stratonis
582 1916 723 1962 modo
746 1915 921 1976 regiam
943 1914 1271 1975 supellectilem
1297 1914 1490 1961 attribui
1507 1914 1547 1960 ei
1559 1913 1661 1975 jus-

209 1988 281 2042 sit,
300 1986 402 2043 ‚sed
445 1984 662 2046 pleraque
707 1983 846 2029 etiam
884 1997 941 2027 ex
977 1981 1161 2027 Persica
1193 1981 1399 2041 praeda:
1436 1981 1666 2042 regionem

208 2068 387 2114 quoque
410 2051 513 2097 urbi
536 2050 791 2112 appositam
816 2048 983 2095 ditioni
1005 2047 1102 2108 ejus
1124 2047 1307 2109 adjecit.

274 2120 334 2166 V.
351 2119 556 2165 ·Interea
584 2120 830 2178 Amyntas,
868 2129 1000 2174 quem
1021 2115 1082 2160 ad
1102 2114 1265 2161 Persas
1300 2116 1358 2162 ab
1392 2115 1664 2163 Alexandro

210 2186 512 2247 transfugisse
545 2183 761 2238 diximus,
797 2197 899 2228 cum
935 2188 1130 2241 quatuor
1155 2182 1355 2228 millibus
1381 2182 1664 2229 Graecorum

210 2255 360 2316 ipsum
380 2268 439 2299 ex
460 2251 558 2298 acie
591 2249 857 2312 persecutis,
882 2248 994 2309 suga
1017 2248 1228 2310 Tripolin
1261 2249 1490 2311 pervenit.
1556 2249 1674 2294 Inde

210 2323 259 2367 in
276 2336 416 2367 naves
438 2318 661 2364 militibus
675 2316 914 2377 impositis,
942 2314 1152 2376 Cyprum
1176 2317 1460 2378 transmisit:
1488 2321 1535 2363 et
1558 2331 1664 2362 cum

210 2389 258 2433 in
281 2388 362 2434 illo
385 2394 511 2434 statu
534 2400 687 2430 rerum
709 2384 760 2429 id
782 2397 1010 2444 quemque
1033 2382 1158 2443 quod
1182 2390 1454 2444 occupasset
1480 2382 1666 2428 habitu-

209 2470 312 2499 rum
337 2455 652 2508 arbitraretur,
681 2451 806 2497 velut
829 2456 956 2496 certo
970 2449 1077 2510 jure
1099 2465 1370 2511 possessum,
1395 2448 1669 2511 Aegyptum

210 2531 369 2583 petere
393 2519 611 2575 decrevit,
637 2518 821 2577 utrique
854 2516 955 2577 regi
987 2516 1148 2573 hostis,
1173 2524 1221 2564 et
1243 2531 1421 2578 semper
1452 2531 1510 2562 ex
1541 2515 1667 2562 anci-

212 2588 300 2649 piti
332 2587 589 2633 mut-atione
609 2593 869 2646 temporum
906 2583 1138 2646 pendens:
1174 2584 1478 2644 hortatusque
1499 2581 1669 2629 milites

216 2654 276 2700 ad
299 2669 426 2714 spem
448 2659 608 2699 tantae
640 2653 722 2708 rei,
748 2652 886 2697 docet
922 2650 1142 2696 Sabacem
1166 2656 1423 2711 praetorem
1458 2648 1667 2710 Aegypti

212 2721 430 2768 cecidisse
474 2719 522 2764 in
557 2719 687 2765 acie:
725 2717 966 2764 Persarum
1010 2716 1290 2778 praesidium
1334 2721 1383 2762 et
1415 2714 1514 2761 sine
1547 2715 1666 2761 duce

217 2803 316 2835 esse
331 2793 381 2834 et
400 2785 653 2832 invalidum
673 2802 682 2831 :
709 2785 971 2846 Aegyptios
993 2798 1172 2844 semper
1194 2781 1482 2844 praetoribus
1505 2797 1664 2829 eorum

217 2855 434 2911 infensos,
456 2867 542 2914 pro
566 2851 698 2897 sociis
720 2852 859 2913 ipsos,
883 2866 980 2898 non
996 2864 1080 2912 pro
1101 2849 1311 2896 hostibus
1333 2849 1667 2896 aestimaturos.

220 2921 392 2968 Omnia
413 2917 613 2981 experiri
635 2918 881 2965 necessitas
898 2917 1114 2977 cogebat:
1152 2915 1336 2977 quippe,
1361 2931 1465 2961 cum
1498 2915 1672 2977 primas

218 3004 322 3050 spes
343 2987 534 3037 fortuna
550 2984 779 3043 destituit,
801 2984 959 3032 futura
989 2982 1309 3045 praesentibus
1332 2982 1551 3030 videntur
1571 2988 1671 3030 esse
