1721 3200
549 188 753 238 LIBER
791 189 1131 249 QUARTUS.
1507 194 1571 242 53

106 328 226 376 aliae
256 327 307 375 in
341 332 515 376 terram
559 324 800 383 demissae,
853 325 1082 390 quidquid
1116 324 1305 373 obvium
1336 327 1583 376 concitatis

107 395 238 458 equis
268 393 446 449 finisset,
472 398 811 456 amputaturae.

169 461 373 511 XXXV.
410 459 520 509 Hoc
540 460 680 508 modo
714 458 944 508 instructo
967 461 1173 508 exercitu
1198 476 1251 508 ac
1288 473 1565 523 perarmato

109 528 351 593 Babylone
373 527 530 592 copias
551 528 716 576 movit.
783 528 827 574 A
852 534 985 590 parte
1007 527 1174 577 dextra
1191 535 1292 576 erat
1309 527 1476 592 Tigris,
1493 547 1574 578 no-

106 597 212 646 bilis
231 596 432 651 fluvium
467 595 645 644 laevam
670 595 861 656 tegebat
886 594 1179 657 Euphrates.
1217 612 1384 658 agmen
1420 598 1573 646 Meso-

105 663 337 728 potamiae
379 678 566 726 campos
605 662 893 725 impleverat.
964 661 1097 725 Tigri
1130 663 1302 711 deinde
1335 675 1567 727 superate,

103 746 243 794 quum
264 731 490 787 audisset,
515 729 642 778 haud
676 730 839 793 procul
862 730 1023 777 abesse
1055 729 1252 787 hostem,
1281 730 1573 795 Satropatem

102 799 311 861 equitum
367 797 654 862 praefectum
713 813 818 845 cum
887 796 1014 844 mille
1069 797 1262 846 delectis
1317 801 1573 862 praemisit.

111 866 302 916 Mazaeo
324 865 528 929 praetori
553 881 633 913 sex
658 864 800 912 millia
823 865 948 922 data,
974 865 1141 926 quibus
1166 866 1345 914 hostem
1372 869 1570 916 transitu

101 934 251 982 amnis
282 939 492 982 arceret:
527 932 677 980 eidem
712 932 997 988 mandatum,
1046 940 1097 981 ut
1143 934 1394 995 regionem,
1433 951 1569 997 quam

106 1000 379 1050 Alexander
419 1006 541 1049 esset
579 1000 805 1056 aditurus,
854 999 1154 1062 popularetur
1199 1009 1340 1062 atque
1379 1013 1573 1059 ureret;

100 1069 271 1147 quippe
292 1068 512 1117 credebat
547 1067 703 1130 inopia
726 1067 948 1114 debellari
983 1083 1116 1129 posse
1151 1069 1265 1116 nihil
1299 1068 1566 1123 habentem

106 1135 196 1183 nisi
216 1135 343 1199 quod
374 1134 599 1197 rapiendo
633 1142 932 1197 occupasset:
971 1134 1058 1196 ipsi
1092 1144 1248 1184 autem
1283 1147 1568 1186 commeatus

104 1202 183 1251 alii
215 1211 354 1260 terra,
402 1202 479 1250 alii
517 1202 650 1264 Tigri
689 1217 825 1249 amne
859 1201 1271 1251 subſtrehebantur
1319 1203 1428 1251 Jam
1465 1221 1567 1268 per-

97 1278 287 1320 venerat
309 1270 372 1318 ad
403 1269 580 1318 Arbela
613 1269 779 1326 vicum,
817 1269 1075 1316 nobilems
1055 1285 1137 1318 sua
1160 1270 1291 1318 clade
1325 1270 1563 1320 facturus:

98 1336 174 1387 hio
195 1343 535 1387 commeatuum
568 1337 942 1397 sarcinarumque
977 1337 1150 1399 majore
1184 1349 1317 1401 parte
1339 1338 1565 1402 deposita.

97 1404 281 1469 Lycum
302 1421 485 1453 amnem
518 1413 661 1468 ponte
687 1404 864 1466 junxit,
889 1412 937 1452 et
961 1420 1044 1467 per
1082 1405 1180 1453 dies
1204 1406 1420 1467 quinque,
1444 1408 1561 1455 sicut

96 1479 207 1523 ante
242 1472 533 1537 Euphraten,
577 1472 761 1534 trajecit
797 1472 1066 1519 exercitum.
1160 1472 1277 1521 Inde
1322 1475 1562 1536 octoginta

95 1539 191 1590 fere
240 1541 393 1590 stadia
427 1555 712 1603 progressus,
755 1539 815 1586 ad
867 1538 1064 1587 alterum
1103 1554 1302 1598 amnem,
1351 1539 1564 1588 Bumado

95 1622 266 1656 nomen
286 1615 372 1665 est,
396 1616 550 1656 castra
573 1608 742 1669 posuit.
802 1605 1082 1669 Opportuna
1105 1607 1392 1670 explicandis
1416 1609 1561 1672 copiis

98 1675 229 1738 regio
261 1683 376 1732 erat,
402 1674 665 1735 equitabilis
687 1683 737 1722 et
753 1681 881 1722 vasta
905 1674 1120 1736 planities
1140 1691 1151 1722 :
1188 1691 1248 1723 ne
1270 1675 1436 1740 stirpes
1460 1677 1562 1739 qui·

96 1742 203 1790 dem
226 1751 274 1790 et
307 1742 466 1790 brevia
501 1742 703 1804 virgulta
726 1742 943 1804 operiunt
975 1741 1125 1789 solum
1151 1759 1163 1790 ε
1200 1743 1408 1806 liberque
1433 1760 1562 1807 pros·

96 1818 256 1872 pectus
277 1809 518 1857 oculorum
552 1818 599 1856 et
622 1809 682 1856 ad
706 1824 761 1856 ea
783 1824 900 1872 quae
935 1809 1095 1871 procul
1119 1825 1348 1859 recessere
1371 1813 1561 1875 permit-

97 1876 250 1926 titur:
295 1876 455 1940 itaque
495 1876 531 1924 si
567 1892 657 1938 qua
688 1876 840 1938 campi
874 1876 1157 1935 eminebant,
1183 1878 1326 1940 jussit
1360 1881 1561 1940 aequari,

97 1952 341 2006 totumque
363 1944 598 2006 fastigium
623 1944 833 1992 extendi.

163 2011 394 2060 XXXVI.
429 2011 716 2068 Alexandro,
764 2012 843 2073 qui
890 2028 1133 2060 numerum
1168 2014 1406 2076 copiarum
1442 2015 1560 2129 eju-s),

95 2088 323 2141 quantum
363 2076 572 2145 [procul]
598 2079 848 2141 conjectari
875 2088 1104 2143 poterant,
1130 2081 1456 2141 aestimabant,
1486 2100 1527 2129 vx

96 2144 307 2194 fecerunt
329 2145 485 2203 fldem,
520 2154 592 2196 tot
628 2147 830 2195 millibus
852 2148 1010 2205 caesis,
1047 2147 1242 2210 majores
1277 2149 1430 2226 copias
1467 2166 1564 2198 esse

96 2219 351 2277 reparatas·
419 2212 640 2262 Ceterum
666 2215 817 2262 omnis
841 2215 1047 2278 periculi,
1084 2227 1132 2264 et
1168 2216 1369 2265 maxime
1405 2218 1562 2265 multi·

95 2280 271 2329 tudinis
293 2286 602 2344 contemptor,
639 2281 895 2330 undecimis
929 2299 1002 2331 cas
1009 2283 1091 2331 tris
1126 2283 1349 2361 pervenit
1370 2283 1429 2331 ad
1470 2283 1563 2331 Eu-

97 2347 328 2412 phraten·
316 2384 327 2395 .
365 2362 460 2410 quo
483 2348 705 2411 pontibus
719 2349 901 2411 juncte,
926 2351 1105 2412 equites
1130 2351 1303 2414 primos
1337 2351 1418 2407 ire,
1446 2351 1559 2414 pha-

98 2415 282 2478 langem
298 2414 425 2476 sequi
441 2414 610 2478 juben
648 2415 853 2475 Mazaeo,
878 2419 954 2479 qui
978 2417 1038 2465 ad
1063 2417 1366 2465 inhibendum
1388 2420 1556 2466 transi-

97 2492 199 2531 tum
233 2483 348 2545 ejus,
383 2496 490 2530 cum
535 2498 618 2531 sex
651 2483 852 2533 millibus
897 2485 1105 2548 equitum
1141 2495 1420 2543 occurrerat,
1467 2501 1559 2533 non

96 2567 210 2600 auso
256 2549 511 2614 periculum
558 2550 629 2598 sui
674 2550 838 2601 facere.
899 2551 1061 2600 Paucis
1115 2551 1302 2609 deinde,
1355 2568 1450 2601 non
1502 2555 1557 2601 ad

96 2618 313 2680 quietem,
348 2616 430 2664 sed
454 2616 515 2664 ad
538 2616 818 2681 reparandds
839 2620 1033 2677 animos,
1059 2618 1223 2667 diebus
1254 2618 1377 2668 datis
1410 2620 1564 2675 militi,

94 2696 283 2736 strenue
318 2685 497 2734 hostem
533 2685 711 2748 insequi
756 2687 947 2750 eoepit;
983 2695 1195 2735 metuens
1238 2701 1298 2735 ne
1341 2687 1564 2736 interiora

95 2753 229 2814 regni
250 2752 321 2800 sui
345 2760 541 2816 peteret,
564 2752 920 2816 sequendusque
954 2764 1074 2802 esset
1098 2769 1180 2818 per
1200 2752 1301 2803 10oe
1324 2755 1453 2802 omni
1488 2772 1560 2801 so-

94 2818 296 2871 litudine
329 2828 472 2883 atque
494 2820 651 2883 inopia
675 2828 821 2868 vasta.
892 2820 1044 2882 igitur
1076 2831 1244 2884 quarto
1279 2821 1357 2870 die
1381 2832 1563 2884 praeter

96 2886 273 2936 Arbela
305 2895 520 2950 penetrat
542 2887 603 2934 ad
638 2886 837 2948 Tigrim.
906 2887 1031 2937 Tota
1063 2889 1193 2952 regio
1226 2887 1346 2938 ultra
1379 2904 1560 2936 amnem

96 2954 270 3004 meanti
303 2955 509 3003 fumabat
556 2954 804 3002 incendio:
839 2955 1010 3019 quippe
1054 2954 1284 3013 Mazaeus,
1310 2970 1560 3018 quaecum-

94 3033 185 3081 que
202 3019 397 3081 adierat,
417 3021 540 3071 haud
563 3037 694 3071 secus
718 3037 855 3086 quam
878 3022 1025 3074 hostis
1048 3023 1226 3072 urebat.
1297 3024 1367 3070 Ac
1390 3022 1560 3086 primo,

768 3099 861 3154 E?
