1721 3200
66 129 128 176 26
452 131 692 189 QUINTI
727 131 956 180 cUR'rn
991 132 1156 181 RUFI

70 281 155 312 nec
179 265 420 326 quicquam
443 281 501 313 ex
523 267 746 328 pristinae
768 267 982 315 fortunae
1008 267 1354 329 magnificentia
1375 270 1520 330 capti-

71 335 138 379 vis
163 343 344 394 praeter
367 333 583 380 fiduciam
608 334 771 382 defuit.
840 335 1003 394 Itaque
1023 334 1326 397 Sysigambis,
1353 338 1367 363 ‘
1386 334 1523 393 Rex,’

68 401 232 459 inquit,
261 405 271 424 ⁶
295 400 483 447 mereris
517 411 571 449 ut
595 417 649 448 ea
670 417 910 463 precemur
932 402 1032 458 tibi,
1053 418 1172 463 quae
1196 401 1343 448 Dario
1365 408 1547 453 nostro.

73 466 306 528 quondam
340 475 556 529 precatae
589 484 772 516 sumus:
811 475 873 526 et,
908 476 963 516 ut
984 469 1134 526 video,
1169 468 1341 530 dignus
1364 484 1412 516 es
1446 471 1527 531 qui

70 542 252 581 tantum
286 549 444 596 regem
478 551 575 582 non
606 535 828 584 felicitate
850 536 997 583 solum
1030 536 1112 582 sed
1135 536 1275 584 etiam
1297 536 1531 598 aequitate

69 601 368 662 superaveris.
440 603 512 648 Tu
535 602 721 664 quidem
744 611 939 651 matrem
963 618 1038 649 me
1061 611 1109 651 et
1130 603 1341 665 reginam
1361 619 1525 660 vocas;

68 669 150 715 sed
173 683 261 730 ego
282 685 356 716 me
379 675 505 716 tuam
528 671 746 717 famulam
780 686 878 718 esse
902 671 1140 718 confiteor.
1210 669 1277 718 Et
1309 673 1530 733 praeteri-

70 745 146 784 tae
179 736 394 783 fortunae
426 737 660 799 fastigium
698 739 843 800 capio,
881 747 928 785 et
950 738 1205 800 praesentis
1230 736 1400 799 jugum
1432 740 1532 800 pati

72 819 275 865 possum.
347 803 449 850 Tua
481 805 692 862 interest,
728 805 1024 865 quantumin
1057 821 1142 852 nos
1175 805 1372 862 licuerit,
1408 806 1446 852 si
1479 806 1530 852 id

71 871 226 932 potius
244 871 489 919 clementia
512 888 651 933 quam
674 873 865 919 saevitia
887 873 957 918 vis
980 888 1078 919 esse
1099 870 1356 920 testatum.’
1423 872 1531 919 Rex

70 940 245 984 bonum
280 938 482 985 animum
520 939 693 986 habere
715 956 790 986 eas
807 939 973 1001 jussit;
1011 939 1147 986 Darii
1179 939 1351 986 deinde
1383 939 1529 985 filium

73 1005 192 1052 collo
216 1021 299 1052 suo
324 1005 542 1053 admovit.
613 1007 772 1068 Atque
786 1007 904 1052 nihil
925 1007 1006 1053 ille
1024 1013 1276 1069 conspectu
1298 1013 1413 1054 tunc
1436 1008 1529 1069 pri-

71 1087 195 1118 mum
231 1089 259 1118 a
282 1089 331 1119 se
364 1074 450 1119 visi
484 1074 763 1121 conterritus
798 1074 1021 1120 cervicem
1055 1073 1153 1134 ejus
1186 1074 1399 1120 manibus
1433 1090 1528 1121 am-

68 1140 302 1201 plectitur.
373 1140 532 1187 Motus
567 1156 678 1201 ergo
700 1157 783 1187 rex
805 1141 1068 1188 constantia
1101 1141 1247 1202 pueri,
1284 1140 1527 1203 Hephaes-

69 1208 244 1253 tionem
266 1207 468 1263 intuens,
498 1212 509 1232 ‘
527 1208 681 1264 Quam
702 1206 896 1265 vellem,'
918 1208 1087 1270 inquit,
1127 1213 1138 1233 ‘
1154 1207 1328 1255 Darius
1351 1208 1527 1270 aliquid

68 1291 125 1320 ex
147 1274 234 1321 hac
257 1275 415 1321 indole
435 1275 662 1322 hausisset
678 1274 707 1322 2’

135 1340 368 1388 XXXIII.
406 1342 528 1388 Tum
561 1343 861 1389 tabernaculo
894 1357 1119 1402 egressus,
1165 1342 1314 1389 tribus
1352 1343 1445 1389 aris
1477 1344 1526 1388 in
1556 1353 1559 1356 ·

66 1410 166 1470 ripa
191 1408 351 1455 Pinari
385 1410 531 1455 amnis
565 1409 675 1456 Jovi
698 1417 838 1471 atque
873 1408 1071 1455 Herculi
1093 1409 1422 1469 Minervaeque
1455 1426 1525 1456 sa-

66 1477 217 1534 cratis,
256 1476 437 1539 Syriam
470 1477 617 1538 petit3
655 1477 952 1533 Damascum,
989 1477 1067 1523 ubi
1112 1476 1235 1537 regis
1267 1492 1382 1537 gaza
1414 1485 1528 1534 erat,

65 1543 373 1590 Parmenione
395 1545 661 1605 praemisso.
734 1545 810 1592 13.
845 1544 1210 1604 Atqueisquum
1231 1544 1530 1604 praecessisse

63 1610 200 1657 Darii
224 1621 453 1673 satrapam
487 1612 797 1674 comperisset,
821 1612 996 1658 veritus
1019 1627 1079 1656 ne
1112 1611 1320 1672 paucitas
1343 1626 1530 1657 suorum

62 1686 372 1740 sperneretur,
421 1695 648 1726 arcessere
682 1679 902 1740 majorem
938 1694 1126 1724 manum
1162 1678 1340 1726 statuit.
1433 1678 1527 1725 Sed

60 1746 180 1792 forte
213 1746 263 1791 in
286 1746 598 1808 exploratores
634 1747 692 1793 ab
727 1762 781 1793 eo
814 1747 1086 1808 praemissos
1130 1744 1297 1791 incidit
1338 1745 1528 1793 natione

61 1813 269 1870 Mardus,
318 1813 410 1875 qui,
449 1814 509 1860 ad
545 1813 901 1860 Parmenionem
947 1812 1213 1874 perductus,
1260 1812 1419 1859 literas
1467 1813 1525 1858 ad

63 1880 386 1926 Alexandrum
411 1897 438 1927 a
461 1881 694 1942 praefecto
729 1880 950 1927 Damasci
973 1879 1135 1925 missas
1157 1878 1304 1926 tradit
1326 1879 1367 1925 ei
1394 1896 1404 1924 :
1441 1895 1527 1926 nec

62 1948 275 1994 dubitare
320 1964 440 2006 eum,
477 1949 591 2010 quin
625 1963 813 1994 omnem
845 1948 1020 2008 regiam
1056 1945 1386 2007 supellectilem
1421 1962 1526 1992 cum

59 2015 257 2075 pecunia
279 2016 499 2072 traderet,
526 2015 711 2076 adjecit.
782 2013 1040 2069 Parmenio,
1058 2013 1281 2059 asservari
1304 2029 1359 2059 eo
1376 2012 1522 2074 jusso,

53 2082 211 2129 literas
235 2083 398 2143 aperit,
423 2083 472 2128 in
497 2083 625 2143 queis
648 2088 747 2129 erat
771 2081 1007 2143 scripturn,
1033 2088 1087 2127 ut
1110 2088 1290 2127 mature
1313 2080 1518 2127 Alexan-

56 2149 139 2195 der
161 2149 361 2210 aliquem
385 2163 449 2195 ex‘
467 2150 662 2195 ducibus
686 2149 778 2195 suis
813 2149 1020 2196 mitteret
1043 2163 1148 2194 cum
1173 2162 1314 2193 manu
1337 2149 1520 2208 exigua.

58 2216 223 2278 Itaque
246 2232 293 2262 re
317 2217 519 2277 cognita,
546 2216 778 2272 Mardum,
798 2216 920 2262 datis
945 2215 1203 2271 comitibus,
1229 2215 1290 2260 ad
1311 2215 1519 2276 prodito-

55 2299 151 2329 rem
197 2283 406 2331 remittit.
477 2283 563 2330 Ille
619 2300 645 2331 e
699 2283 911 2329 manibus
957 2280 1316 2330 custodientium
1365 2281 1519 2342 lapsus

53 2350 336 2396 Damascum
361 2358 470 2398 ante
492 2351 643 2398 lucem
664 2351 824 2397 intrat.
896 2350 1186 2396 Turbaverat
1220 2364 1274 2394 ea
1307 2363 1380 2394 res
1405 2346 1516 2392 Par-

52 2417 278 2463 menionis
318 2419 523 2465 animum
568 2418 758 2464 insidias
803 2417 1048 2464 timentis:
1087 2426 1133 2464 et
1178 2416 1393 2476 ignotam
1429 2414 1517 2460 iter

53 2484 152 2529 sine
185 2484 301 2530 duce
335 2502 431 2532 non
454 2485 655 2532 audebat
676 2485 869 2545 ingredi.
942 2484 1173 2531 Felicitati
1203 2489 1362 2530 tamen
1393 2481 1516 2541 regis

51 2551 122 2596 sui
157 2551 367 2609 confisus,
416 2559 620 2615 agrestes
655 2553 735 2614 qui
769 2552 911 2598 duces
943 2551 1122 2599 itineris
1173 2554 1327 2596 essent
1365 2548 1515 2608 excipi

43 2617 214 2678 jussit:
252 2620 419 2678 quibus
454 2620 664 2667 celeriter
697 2619 908 2681 repertis,
945 2625 1112 2680 quarto
1147 2616 1222 2662 die
1255 2615 1317 2661 ad
1349 2615 1510 2660 urbem

49 2685 274 2746 pervenit,
287 2684 386 2745 jam
410 2694 648 2735 metuente
664 2687 898 2749 praefecto
920 2701 981 2732 ne
998 2684 1084 2731 sibi
1103 2683 1218 2729 fides
1236 2681 1395 2728 habita
1418 2697 1512 2726 non

48 2758 184 2799 esset.
254 2750 406 2812 Igitur
451 2754 580 2814 quasi
626 2770 790 2816 parum
824 2750 1124 2799 munimentis
1157 2748 1316 2810 oppidi
1350 2747 1512 2803 fidens,

49 2827 159 2866 ante
192 2817 300 2865 solis
335 2826 491 2866 ortum
526 2821 769 2880 pecuniam
798 2820 972 2880 regiam
1010 2815 1195 2880 [yazam
1231 2814 1399 2861 Persae
1433 2831 1513 2861 vo-

49 2885 177 2949 cant)
203 2900 309 2931 cum
332 2886 674 2948 pretiosissimis
687 2903 843 2934 rerum
861 2885 1011 2932 efferri
1018 2884 1170 2944 jubet,
1190 2881 1346 2943 fugam
1374 2882 1512 2928 simu-

42 2953 172 3009 lans;
209 2968 384 3012 revera,
404 2960 453 3001 ut
468 2953 687 3016 praedam
711 2954 834 3000 hosti
857 2952 1056 2999 offerret.
