1721 3200
152 263 436 353 ‚QUINTI
469 262 740 342 CURTll
764 262 959 339 RUFI
989 261 1226 341 LIBER
1255 266 1649 355 QUARTUS.

707 483 1097 518 ARGUMENTUM.

233 588 276 637 Ι.
312 587 498 636 Darius
518 586 586 636 ad
604 586 880 651 Euphraten
903 588 1162 636 contendit:
1196 587 1474 644 Alexander,
1500 587 1644 635 liter-is

167 675 199 706 a
215 656 374 706 Dario
395 656 583 720 superbe
603 657 788 719 scriptis
808 658 931 720 reqie
952 656 1206 720 respondet.
1276 656 1643 719 Abdalonymum

167 725 375 774 Sidoniis
395 738 543 789 reqem
559 724 786 787 praeficit.
857 724 1086 789 Amyntas
1098 723 1352 788 transfitym
1378 726 1496 772 miro
1513 724 1646 771 modo

167 811 198 841 a
237 792 400 840 Persis
432 792 670 840 occiditur.
770 790 942 840 Variae
974 794 1118 840 variis
1162 793 1270 840 locis
1307 795 1646 857 praefectorum

166 860 318 910 Darii
350 860 511 908 clades.
603 858 672 906 II.
714 859 864 923 Tyrii,
910 860 1234 908 Alexandrum
1272 861 1471 925 recipere
1516 876 1643 908 recu·

168 934 332 986 santes,
367 928 641 976 obsidentur.
710 927 810 974 III.
844 927 1018 976 Dubiis
1039 929 1144 976 belli
1174 929 1403 976 eventibus
1434 928 1551 993 Tyri
1574 929 1647 975 ob·

166 996 286 1045 sidio
307 996 593 1044 nobilitatur.
661 994 752 1043 IV.
797 995 1004 1043 Tandem
1035 996 1201 1061 Tyrus,
1236 998 1284 1043 vi
1306 1002 1457 1060 capta,
1494 999 1645 1043 maxi-

166 1080 331 1128 maque
362 1064 594 1112 hominum
614 1068 766 1127 straye
787 1070 1022 1128 corrupta,
1048 1064 1249 1112 luctuoso
1267 1064 1554 1129 deformatur
1576 1067 1648 1111 in·

169 1132 341 1181 cendio.
417 1129 472 1179 V.
508 1130 661 1178 Darii
682 1133 849 1179 iterata
874 1132 930 1179 de
957 1148 1074 1196 pace
1096 1133 1162 1179 ad
1194 1133 1512 1180 Alexandrum
1547 1133 1649 1180 sub-

166 1201 349 1248 missior
370 1199 552 1264 leqatio,
576 1216 669 1262 qua
691 1200 954 1263 repudiata,
985 1200 1056 1248 Gr
1058 1203 1154 1248 aeci
1176 1201 1499 1248 Alexandrum
1525 1216 1649 1247 coro·

166 1285 231 1317 na
252 1284 397 1316 aurea
419 1267 631 1316 donant:
664 1267 743 1315 ille
777 1274 944 1324 autem,
974 1285 1063 1331 per
1090 1270 1361 1334 praefectos,
1399 1269 1568 1316 multas
1601 1271 1649 1314 in

159 1342 429 1402 potestatem
484 1352 614 1384 suam
665 1332 834 1399 rediyit
879 1337 1157 1399 provincias.
1237 1336 1319 1383 VI.
1358 1337 1440 1383 Ad
1488 1337 1647 1384 bellum

166 1404 276 1453 dum
307 1421 353 1453 se
385 1404 581 1467 accinyit
614 1403 814 1460 Darius,
851 1405 1120 1452 Alexander
1155 1403 1260 1452 Gaz
1239 1420 1338 1451 am
1373 1411 1645 1468 expuyvmt:

164 1474 348 1538 ejusque
362 1472 648 1551 praefectum
672 1473 836 1519 Batim
859 1473 1034 1519 crudeli
1061 1473 1197 1536 afficit
1219 1474 1456 1537 supplicio.
1536 1472 1647 1520 VII

165 1541 419 1621 Profectio,
444 1547 487 1588 et
508 1542 644 1587 varia
678 1540 940 1587 Alexandri
974 1542 1198 1602 quaesita,
1233 1542 1301 1588 ad
1332 1540 1466 1588 Joris
1500 1540 1648 1587 Ham-

165 1611 312 1657 monis
354 1608 606 1656 oraculum.
685 1607 826 1654 VIII.
862 1608 922 1655 In
967 1610 1173 1672 Aeyvpto
1207 1609 1502 1656 Alexandria
1548 1626 1650 1656 eon·

165 1677 300 1731 dita‚·
333 1677 574 1738 variaeque
607 1675 872 1722 Alexandrz
917 1677 1098 1724 bellicae
1131 1677 1453 1740 expeditiones.
1548 1677 1596 1723 Ι
1592 1678 1642 1723 Υ.

166 1714 353 1792 Darius
396 1743 463 1791 ad
505 1743 697 1790 Arbelas
738 1747 960 1807 pervenit,
1008 1761 1144 1807 eoque
1193 1747 1337 1792 invito
1381 1746 1647 1793 Alexandm

172 1811 351 1878 Tiyrim
394 1817 594 1876 superat.
665 1811 733 1858 X.
770 1811 959 1868 Milites,
995 1813 1049 1860 ob
1082 1812 1245 1860 Lunae
1279 1813 1499 1878 defectum
1547 1820 1643 1860 tur-

166 1881 309 1936 batos,
326 1896 416 1945 per
439 1881 685 1944 Aeyyptios
705 1886 828 1928 vates
861 1879 1101 1943 confirmat
1123 1881 1390 1928 Alexander
1414 1900 1428 1928 :
1462 1881 1639 1928 Persas

162 1955 416 1998 vastatores
437 1948 618 2012 conjicit
639 1949 691 1994 in
699 1947 880 2012 fuyam.
918 1947 1068 1995 Darii
1085 1965 1204 1996 uxor
1219 1951 1413 2013 captiva,
1439 1966 1643 1997 maeror<=

163 2017 377 2082 confecta,
412 2031 672 2080 supremum
695 2016 815 2064 diem
848 2016 1035 2074 claudit,
1070 2017 1191 2064 unde
1214 2017 1476 2065 Alexandri
1498 2018 1642 2082 lacry-

166 2101 281 2141 mae,
308 2083 458 2131 Darii
477 2085 765 2148 suspiciones,
791 2085 937 2132 luctus
959 2092 1001 2132 et
1023 2092 1146 2133 rota.
1215 2085 1315 2132 XI.
1352 2085 1525 2133 Pacem
1551 2094 1641 2134 ter-

164 2155 229 2200 tio
252 2153 503 2215 quaesitam
525 2151 712 2199 Darius
727 2168 820 2199 non
841 2154 1058 2217 impetrat
1082 2171 1095 2200 :
1129 2155 1221 2201 imo
1255 2155 1320 2201 ad
1350 2154 1638 2204 deditimzem,

166 2227 249 2268 aut
282 2220 349 2267 ad
391 2219 566 2277 bellum,
613 2221 670 2267 ab
710 2221 978 2269 Alexandro
1011 2228 1307 2285 provocatur.
1395 2222 1522 2268 XII.
1562 2223 1640 2268 Aci

159 2288 392 2354 praelium
415 2287 524 2335 dum
546 2286 803 2335 Persarum
824 2290 981 2352 inqens
1003 2291 1227 2338 exercitus
1242 2297 1448 2354 paratur
1482 2289 1634 2336 Mace-

164 2356 302 2405 dones
336 2356 514 2402 Panico
547 2355 742 2417 quodam
776 2356 981 2419 defuncti
1019 2364 1206 2415 terrore,
1246 2373 1379 2404 arma
1427 2358 1640 2404 alacriter

164 2430 415 2505 capessunt.
510 2422 663 2470 YIII.
702 2422 905 2472 Consilia
952 2426 1006 2472 de
1040 2432 1259 2473 nocturno
1298 2426 1478 2489 praelio
1512 2424 1637 2472 Par-

160 2493 383 2541 menionis
415 2498 458 2539 et
485 2489 828 2556 Polyper-contis
848 2493 1114 2540 Alexander
1137 2493 1365 2541 damnat:
1398 2509 1638 2556 somnoque

162 2560 354 2619 refectus
375 2561 587 2607 interrito
604 2559 735 2607 vultu
756 2576 859 2607 suos
892 2562 1010 2608 ad)
973 2578 1010 2625 p
1012 2577 1178 2626 uynam
1199 2577 1297 2608 acc
1288 2560 1419 2609 mdit.
1488 2562 1636 2609 ΧΙΓ.

161 2628 420 2678 Alexandri
441 2627 507 2674 ad
531 2627 826 2684 Graecorum,
863 2623 1091 2691 Dariique
1124 2628 1190 2676 ad
1225 2627 1475 2677 Persarum
1510 2647 1582 2677 ex
1579 2647 1636 2674 r-

164 2700 293 2754 citus,
328 2702 434 2744 ante
472 2711 680 2760 puynam
714 2696 942 2744 orationes
1026 2696 1146 2743 YV.
1186 2694 1379 2746 Cruenti
1410 2698 1478 2746 ad
1498 2699 1639 2744 Aroe

162 2764 233 2813 las
250 2764 423 2830 praelii
455 2764 715 2828 descriptio.
795 2762 952 2812 Victor
986 2764 1265 2824 Alexander,
1301 2764 1511 2814 Darium
1545 2769 1616 2811 ric

160 2836 257 2880 Μ
269 2834 575 2898 persequitur.
645 2830 789 2878 XVI.
827 2830 1081 2880 Parmenio
1102 2834 1152 2880 in
1175 2833 1438 2882 discrimine
1471 2838 1634 2880 consti·

165 2903 303 2958 Mus,
337 2900 657 2948 Alexandrum
688 2899 895 2947 retrahit.
997 2900 1201 2949 Tandem
1233 2903 1410 2966 inteqra
1443 2903 1634 2948 victoria

163 2966 303 3028 potiti
323 2967 596 3026 Macedones
631 2967 826 3031 reliquos
843 2967 1034 3025 Persas,
1051 2969 1207 3018 multis
1227 2985 1414 3018 morum
1437 2968 1634 3017 millibus

166 3032 447 3094 desideratis,
460 3034 581 3101 fiaya
597 3037 684 3085 sibi
705 3051 922 3150 quaergre
942 3036 1128 3086 salutem
1151 3043 1324 3102 coyunt.
